2428 3448
346 330 524 384 CARMINA
548 329 770 383 LXXI-LXX
773 330 815 385 VI
924 331 957 387 75

188 441 261 509 quud
271 441 360 493 uoluit
370 441 452 494 fecit:
469 457 543 503 nam,
556 441 682 508 quamuis
693 415 811 494 Inrumet
819 441 910 509 ipsum
941 454 955 509 5

220 523 292 559 nuuc
302 511 435 573 patruum,
447 507 561 559 uerbum
571 523 626 558 nun
636 507 719 558 faciet
729 512 847 574 patruos.

518 669 623 726 LXXV

189 760 252 814 Huc
262 763 305 812 est
315 776 392 813 mens
402 761 520 812 deducta
531 765 588 822 tua,
601 777 663 812 mea
674 760 780 824 Lesbia,
792 761 881 828 culpa,

221 829 304 892 atque
314 825 355 878 ita
365 842 394 877 sc
405 825 491 877 officio
502 825 619 892 perdidit
629 826 640 876 i
672 842 689 877 a
700 842 757 887 suo,

188 890 288 941 utiam
298 906 347 941 nec
358 890 426 942 bene
436 890 508 942 uelle
519 895 603 957 queat
613 891 636 941 ti
655 891 673 952 i,
686 890 824 956 sioptima
833 889 893 952 fias,

221 970 271 1007 nec
281 954 411 1007 desistere
421 969 522 1017 amare,
535 955 626 1006 omnia
636 955 660 1006 si
671 954 763 1006 facias.

514 1119 632 1172 LXXVI

190 1207 275 1274 Siqua
285 1206 437 1259 recordanti
447 1205 589 1258 benefacta
600 1207 688 1272 priora
699 1206 826 1274 uoluptas

222 1276 264 1323 est
274 1272 386 1333 homini,
399 1288 462 1323 cum
472 1288 501 1323 sc
512 1272 614 1338 cogitat
625 1287 683 1323 csse
694 1271 770 1338 pium

189 1352 240 1388 nec
250 1341 373 1388 sanctam
384 1336 501 1388 uiolasse
512 1336 593 1388 fidem
604 1353 653 1388 nec
664 1337 769 1388 foedere
780 1336 809 1388 in
820 1336 878 1388 ullo

223 1401 315 1452 diuom
326 1402 361 1453 ad
372 1401 504 1452 fallendos
515 1401 626 1453 numine
637 1401 753 1452 abusum
764 1401 894 1464 homines,

190 1465 278 1517 multa
289 1470 385 1532 parata
395 1469 507 1517 manent
517 1465 547 1517 in
557 1466 639 1532 longa
647 1471 746 1528 aetate,
761 1466 878 1528 Catulle,
946 1477 960 1531 5

222 1546 257 1581 ax
267 1530 318 1582 hoc
328 1531 435 1596 ingrato
445 1530 546 1596 gaudia
557 1547 647 1582 amors
658 1530 716 1582 tibi.
911 1543 916 1550 ‘

189 1611 254 1646 nam
265 1611 450 1662 quaecumque
461 1595 583 1647 homines
595 1595 664 1647 bens
675 1595 803 1662 cuiquam
813 1599 863 1647 aut
874 1595 961 1648 dicero

222 1728 271 1800 aut
282 1675 458 1786 ffisesrzuhm
469 1739 487 1775 a
497 1723 664 1800 teudictaquc
674 1723 801 1800 factaque
812 1727 894 1800 sunt3

191 1804 335 1854 ommaquc
346 1793 470 1854 mgratae
480 1793 618 1854 penemut
629 1788 732 1839 credrta
742 1792 835 1839 mautr.

223 1869 306 1929 quare
317 1869 365 1904 cur
376 1859 406 1904 tu
417 1853 511 1904 teiam
522 1853 639 1918 amplius
651 1852 804 1903 excrucies?
932 1869 962 1904 ιο

191 1934 258 1984 qum
269 1922 301 1968 tu
311 1917 433 1968 animum
444 1917 560 1968 offirmas
571 1921 654 1982 atquc
665 1917 747 1968 istinc
757 1921 839 1983 teque
850 1917 955 1970 reducis

223 1986 251 2033 et
262 1981 304 2032 dis
314 1981 410 2033 inuitis
421 1981 520 2032 desinis
532 1997 590 2032 esse
600 1981 689 2032 miser.

194 2047 341 2098 ‘difficilest
351 2046 463 2111 longum
474 2045 564 2097 subito
575 2045 609 2096 dc
645 2061 707 2096 nsrc
718 2045 855 2096 amorem)

223 2110 366 2175 difficilest,
377 2126 474 2162 uerum
483 2110 534 2161 hoc
544 2125 599 2176 qua
620 2110 686 2162 ubet
696 2109 803 2162 efficias.

192 2192 248 2227 una
262 2177 335 2226 salus
347 2175 414 2227 haec
425 2179 475 2236 est,
488 2174 587 2226 hocest
597 2175 649 2225 tibi
660 2174 886 2240 peruincendum:
933 2186 962 2239 15

223 2240 274 2298 hcc
284 2240 377 2300 facias,
391 2240 450 2290 siue
460 2239 489 2290 id
500 2255 554 2290 non
565 2243 627 2314 pote
639 2238 697 2289 sius
708 2243 778 2304 pote.

192 2319 209 2356 ο
219 2304 256 2365 di,
270 2305 294 2355 si
304 2307 452 2355 uestrumst
462 2303 590 2362 miseren,
599 2307 653 2353 aut
664 2303 687 2353 si
699 2303 797 2369 quibus
808 2317 937 2370 umquam

224 2373 373 2420 extremam
383 2368 440 2420 Iam
449 2367 510 2434 ipsa
520 2372 606 2419 morte
617 2367 720 2419 tulistis
731 2383 817 2434 opem,

221 2543 364 2590 mvfloc
371 2556 467 2589 carmen
474 2542 535 2589 duce
542 2541 669 2598 Scaligerc,
678 2539 752 2588 multi
758 2555 813 2587 cum
819 2541 963 2588 LXXXVII

361 2599 783 2705 meu
796 2600 964 2704 aaut

192 2675 253 2708 corr.
329 2694 335 2706 .
609 2675 620 2704 ι
671 2693 677 2714 ,
790 2674 799 2704 s

192 2722 255 2774 tas,
267 2723 365 2764 tranent
374 2732 428 2764 cum
437 2718 525 2764 Baehr.
557 2719 712 2774 Iomniaque
726 2718 758 2773 V,
774 2717 801 2763 L.
819 2692 902 2763 Muell.
934 2718 964 2760 10

193 2783 220 2824 tu
231 2777 286 2824 ada
299 2777 402 2832 Schoell‚
414 2791 459 2822 cur
468 2782 490 2822 tc
499 2782 521 2822 tc
533 2775 631 2832 Baehr„
642 2778 694 2821 ium
708 2780 730 2822 te
744 2790 789 2821 cur
798 2792 821 2831 a,
833 2775 888 2822 cdd.
900 2789 962 2821 com-

192 2837 281 2895 plures.
312 2837 341 2880 11
351 2837 464 2881 animum·
472 2836 545 2891 Stat,
555 2836 637 2882 unium
645 2834 677 2882 V.
703 2831 923 2892 instinctumque
929 2834 961 2882 V.

193 2897 222 2939 12
232 2896 273 2942 dcc
282 2894 314 2952 V,
326 2895 377 2941 dcis
387 2894 441 2940 edd.
453 2893 569 2952 complur.
