2428 3448
294 351 299 362 .
353 316 527 369 CARMINA
551 313 736 368 XCVII-CI
889 318 921 368 83

160 441 224 477 narn
234 425 315 476 simul
325 426 354 477 id
364 426 502 486 factumst,
514 425 608 476 multis
619 425 707 476 diluta
717 425 816 477 labella

192 491 276 567 guttis
287 490 436 542 abstersisti
446 491 569 541 omnibus
581 489 711 551 articulis,

161 555 359 621 ne1quicquam
370 559 460 606 nostro
471 558 637 606 contractum
648 570 682 605 ex
693 569 738 605 ore
748 557 876 614 maneret,

192 624 331 684 tamqnam
342 619 497 670 commictae
507 635 603 685 spurce
613 618 701 670 saliua
711 618 798 684 lupae.
892 635 922 672 ιο

160 687 298 749 praeterea
307 683 406 735 infesto
416 684 543 735 miserum
553 699 596 734 me
607 683 713 734 tradere
723 682 818 734 Amori

192 763 246 798 non
256 748 368 799 cessasti
378 748 502 814 omnique
513 747 664 800 excruciare
674 746 761 808 modo,

160 814 193 863 ut
201 811 240 863 mi
250 827 285 864 cx
294 812 427 864 ambrosia
436 816 573 864 mutatum
582 812 638 863 iam
647 811 716 862 foret
725 811 795 862 illud

192 876 325 928 sauiolnm
333 877 405 928 tristi
416 877 520 928 tristius
531 875 672 928 helleboro.

160 955 242 1006 quarn
253 941 381 1006 quoniam
391 957 505 1007 poenam
515 941 611 992 misero
621 938 745 1006 proponis
756 939 860 1003 amoris,
892 952 921 1006 15

191 1020 340 1072 numquam
349 1005 405 1057 iarn
415 1005 526 1072 posthac
536 1005 613 1056 basie
622 1003 770 1070 surripiam.

530 1192 551 1244 C

161 1283 269 1337 Caclius
279 1281 437 1334 Aufilenum
447 1284 475 1333 et
484 1281 612 1344 Quintius
623 1282 778 1336 Aufilenam

192 1348 241 1399 flos
252 1347 437 1400 Veronensum
448 1345 594 1412 depereunt
604 1347 742 1410 iuuenum,

159 1413 204 1464 hic
214 1412 332 1472 nauem,
340 1411 387 1461 ille
395 1426 516 1462 sororem
541 1411 591 1462 hoc
599 1416 648 1474 est,
658 1413 729 1478 quod
737 1413 843 1476 dicitnr,
852 1413 920 1466 illud

191 1477 339 1528 fraternum
349 1491 412 1526 nere
423 1474 501 1526 dulce
511 1474 674 1528 sodalitium.

160 1541 224 1608 quoi
233 1540 341 1592 faucem
352 1539 459 1604 potius?
477 1539 560 1601 Caeli,
571 1539 637 1592 tibi:
655 1557 719 1592 nem
729 1545 778 1594 tua
789 1541 866 1594 nobis
907 1555 921 1608 5

191 1608 329 1672 perspecta
340 1603 470 1668 egregiest
481 1603 561 1654 unica
572 1605 700 1666 amicitia,

159 1685 221 1721 cum
230 1683 333 1720 uesana
344 1683 417 1718 meas
427 1672 538 1718 torreret
549 1668 658 1720 flamme
668 1669 808 1724 medullas.

191 1733 228 1786 sis
238 1732 312 1795 felix,
325 1731 409 1794 Oceli,
421 1731 458 1783 sis
469 1731 498 1783 in
508 1748 598 1784 amore
608 1737 710 1799 potens.

524 1919 561 1972 01

159 2010 263 2064 Multas
273 2025 320 2087 per
330 2012 424 2085 gentes
434 2011 463 2060 et
473 2008 560 2060 multe
571 2024 618 2075 per
628 2025 746 2086 aequora
755 2015 851 2064 uectus

190 2075 305 2127 aduemo
316 2074 365 2125 has
376 2089 494 2134 miserae,
508 2074 598 2135 irater,
611 2074 647 2125 ad
657 2074 775 2137 misnae,

160 2143 193 2192 ut
203 2144 231 2191 te
242 2143 374 2205 postremo
385 2137 511 2188 donarem
522 2154 631 2189 munere
642 2139 735 2190 mortis

191 2207 219 2256 et
229 2208 333 2254 mutam
344 2219 377 2253 ne
396 2202 507 2268 niquam
517 2202 674 2268 adloquerer
684 2203 806 2266 cinerem,

159 2219 494 2344 quandoqmdemlortuna
505 2266 572 2317 mihi
583 2271 638 2318 tete
649 2267 763 2318 abstulit
774 2269 871 2335 ipsum,
906 2281 919 2336 5

189 2332 244 2384 heu
254 2348 334 2383 mrser
345 2331 454 2397 indigne
465 2330 548 2382 irater
558 2330 683 2397 adempte
694 2331 768 2383 mihi.

524 2414 536 2442 t

186 2563 259 2610 xo1x
269 2565 284 2609 8
297 2565 429 2610 abstersisti
439 2564 556 2620 Muretus,
567 2565 676 2610 ademisti
686 2563 724 2622 (0,
735 2565 835 2612 adsui-ci
844 2565 876 2624 G)
885 2567 917 2622 V,

158 2623 266 2671 abmsti
272 2625 347 2680 uultis
356 2622 411 2668 Ald.
424 2623 461 2668 ed.
470 2623 528 2668 1502
537 2622 590 2669 edd.
603 2622 717 2680 complut.
749 2625 763 2667 9
773 2626 812 2670 aei
821 2625 917 2682 Brenn,

157 2697 199 2730 mc
208 2683 239 2729 V.
271 2683 300 2724 15
309 2683 398 2727 anseris
407 2695 457 2738 nos,
467 2685 545 2728 cineri
555 2683 584 2728 V.
616 2681 779 2738 vtperrpecto
786 2701 809 2739 n,
814 2683 920 2740 perfecta

157 2742 189 2788 V.
213 2739 416 2798 eareyieetBaehr.
439 2747 472 2787 est
478 2743 554 2797 icitur
561 2741 613 2799 (per
620 2741 786 2799 compendium
793 2743 918 2800 scripturn)

158 2799 187 2857 0,
199 2801 326 2856 ieai'qitar
335 2803 367 2844 est
378 2799 407 2854 G,
416 2813 462 2855 per
472 2799 541 2856 foetu
550 2799 654 2846 isicia
664 2805 697 2847 cst
706 2800 788 2857 Lech„
796 2806 919 2859 percomta

157 2863 191 2906 m
200 2860 254 2916 mi
263 2862 314 2904 tum
323 2857 353 2903 Α
366 2857 467 2904 Palmer.
