<?xml version="1.0" encoding="UTF-8"?>
<!DOCTYPE html PUBLIC "-//W3C//DTD XHTML 1.0 Transitional//EN"
    "http://www.w3.org/TR/xhtml1/DTD/xhtml1-transitional.dtd">
<html xmlns="http://www.w3.org/1999/xhtml" xml:lang="en" lang="en">
 <head>
  <title>
</title>
<meta http-equiv="Content-Type" content="text/html;charset=utf-8" />
  <meta name='ocr-system' content='tesseract 3.04.00' />
  <meta name='ocr-capabilities' content='ocr_page ocr_carea ocr_par ocr_line ocrx_word'/>
</head>
<body>
  <div class='ocr_page' id='page_1' title='image "./carmina00postgoog_0095.png"; bbox 0 0 2428 3448; ppageno 0'>
   <div class='ocr_carea' id='block_1_1' title="bbox 253 273 833 331">
    <p class='ocr_par' dir='ltr' id='par_1_1' title="bbox 253 273 833 331">
     <span class='ocr_line' id='line_1_1' title="bbox 253 273 833 331; baseline -0.01 -1"><span class='ocrx_word' id='word_1_1' title='bbox 253 278 286 331; x_wconf 79' lang='lat'>76</span> <span class='ocrx_word' id='word_1_2' title='bbox 445 274 473 328; x_wconf 81' lang='lat'>0.</span> <span class='ocrx_word' id='word_1_3' title='bbox 502 274 648 326; x_wconf 81' lang='lat' dir='ltr'>VALERI</span> <span class='ocrx_word' id='word_1_4' title='bbox 668 273 833 326; x_wconf 80' lang='lat' dir='ltr'>GAI&#39;VLLI</span> 
     </span>
    </p>
   </div>
   <div class='ocr_carea' id='block_1_2' title="bbox 253 381 1028 901">
    <p class='ocr_par' dir='ltr' id='par_1_2' title="bbox 253 381 914 458">
     <span class='ocr_line' id='line_1_2' title="bbox 253 381 914 458; baseline -0.006 -22"><span class='ocrx_word' id='word_1_5' title='bbox 253 400 297 437; x_wconf 91' lang='lat' dir='ltr'>me</span> <span class='ocrx_word' id='word_1_6' title='bbox 308 384 435 435; x_wconf 85' lang='lat' dir='ltr'>misarum</span> <span class='ocrx_word' id='word_1_7' title='bbox 445 382 557 449; x_wconf 89' lang='lat' dir='ltr'>aspicite</span> <span class='ocrx_word' id='word_1_8' title='bbox 568 387 605 444; x_wconf 88' lang='lat' dir='ltr'>et,</span> <span class='ocrx_word' id='word_1_9' title='bbox 618 383 642 433; x_wconf 88' lang='lat' dir='ltr'>si</span> <span class='ocrx_word' id='word_1_10' title='bbox 652 383 740 458; x_wconf 83' lang='lat' dir='ltr'>uitam</span> <span class='ocrx_word' id='word_1_11' title='bbox 751 381 914 458; x_wconf 28' lang='lat' dir='ltr'>puriteruegi,</span> 
     </span>
    </p>

    <p class='ocr_par' dir='ltr' id='par_1_3' title="bbox 257 447 1026 654">
     <span class='ocr_line' id='line_1_3' title="bbox 257 447 1026 578; baseline -0.007 -12"><span class='ocrx_word' id='word_1_12' title='bbox 257 447 895 578; x_wconf 51' lang='lat' dir='ltr'>reifllffipssnilmlffllimffi</span> <span class='ocrx_word' id='word_1_13' title='bbox 992 459 1026 495; x_wconf 86' lang='lat'>²⁰</span> 
     </span>
     <span class='ocr_line' id='line_1_4' title="bbox 288 529 910 654; baseline -0.006 -25"><span class='ocrx_word' id='word_1_14' title='bbox 288 552 439 654; x_wconf 33' lang='lat' dir='ltr'>er’rpulitnex</span> <span class='ocrx_word' id='word_1_15' title='bbox 450 577 524 628; x_wconf 90' lang='lat' dir='ltr'>omni</span> <span class='ocrx_word' id='word_1_16' title='bbox 534 581 641 643; x_wconf 76' lang='lat' dir='ltr'>pectore</span> <span class='ocrx_word' id='word_1_17' title='bbox 651 529 779 627; x_wconf 52' lang='lat' dir='ltr'>laetffis.</span> <span class='ocrx_word' id='word_1_18' title='bbox 815 640 821 651; x_wconf 36' lang='grc' dir='ltr'>ι</span> <span class='ocrx_word' id='word_1_19' title='bbox 835 639 842 651; x_wconf 92' lang='lat'>.</span> <span class='ocrx_word' id='word_1_20' title='bbox 903 639 910 651; x_wconf 31' lang='grc' dir='ltr'>ι</span> 
     </span>
    </p>

    <p class='ocr_par' dir='ltr' id='par_1_4' title="bbox 255 638 959 708">
     <span class='ocr_line' id='line_1_5' title="bbox 255 638 959 708; baseline -0.006 -14"><span class='ocrx_word' id='word_1_21' title='bbox 255 659 318 695; x_wconf 91' lang='lat' dir='ltr'>nom</span> <span class='ocrx_word' id='word_1_22' title='bbox 328 659 383 693; x_wconf 83' lang='lat' dir='ltr'>ram</span> <span class='ocrx_word' id='word_1_23' title='bbox 393 641 463 693; x_wconf 88' lang='lat' dir='ltr'>rllud</span> <span class='ocrx_word' id='word_1_24' title='bbox 474 657 582 708; x_wconf 83' lang='lat' dir='ltr'>quaem,</span> <span class='ocrx_word' id='word_1_25' title='bbox 594 645 687 692; x_wconf 86' lang='lat' dir='ltr'>eontra</span> <span class='ocrx_word' id='word_1_26' title='bbox 698 657 741 692; x_wconf 88' lang='lat' dir='ltr'>me</span> <span class='ocrx_word' id='word_1_27' title='bbox 752 645 784 691; x_wconf 86' lang='lat' dir='ltr'>ut</span> <span class='ocrx_word' id='word_1_28' title='bbox 795 640 892 706; x_wconf 81' lang='lat' dir='ltr'>diligat</span> <span class='ocrx_word' id='word_1_29' title='bbox 901 638 959 702; x_wconf 80' lang='lat' dir='ltr'>illa,</span> 
     </span>
    </p>

    <p class='ocr_par' dir='ltr' id='par_1_5' title="bbox 258 705 916 822">
     <span class='ocr_line' id='line_1_6' title="bbox 258 705 916 822; baseline -0.006 -63"><span class='ocrx_word' id='word_1_30' title='bbox 258 773 265 785; x_wconf 40' lang='lat'><strong>·</strong></span> <span class='ocrx_word' id='word_1_31' title='bbox 289 713 347 768; x_wconf 86' lang='lat' dir='ltr'>aut,</span> <span class='ocrx_word' id='word_1_32' title='bbox 360 706 433 822; x_wconf 70' lang='lat' dir='ltr'>pund</span> <span class='ocrx_word' id='word_1_33' title='bbox 443 721 497 758; x_wconf 92' lang='lat' dir='ltr'>non</span> <span class='ocrx_word' id='word_1_34' title='bbox 508 706 578 772; x_wconf 87' lang='lat' dir='ltr'>potis</span> <span class='ocrx_word' id='word_1_35' title='bbox 589 710 640 767; x_wconf 76' lang='lat' dir='ltr'>est,</span> <span class='ocrx_word' id='word_1_36' title='bbox 653 721 712 757; x_wconf 84' lang='lat' dir='ltr'>csse</span> <span class='ocrx_word' id='word_1_37' title='bbox 722 705 821 771; x_wconf 85' lang='lat' dir='ltr'>pudica</span> <span class='ocrx_word' id='word_1_38' title='bbox 831 705 916 756; x_wconf 87' lang='lat' dir='ltr'>uelit:</span> 
     </span>
    </p>

    <p class='ocr_par' dir='ltr' id='par_1_6' title="bbox 257 767 1022 848">
     <span class='ocr_line' id='line_1_7' title="bbox 257 767 1022 848; baseline -0.009 -24"><span class='ocrx_word' id='word_1_39' title='bbox 257 789 315 839; x_wconf 88' lang='lat' dir='ltr'>rpse</span> <span class='ocrx_word' id='word_1_40' title='bbox 325 787 362 848; x_wconf 85' lang='lat' dir='ltr'>ua</span> <span class='ocrx_word' id='word_1_41' title='bbox 373 787 417 822; x_wconf 87' lang='lat' dir='ltr'>ere</span> <span class='ocrx_word' id='word_1_42' title='bbox 427 775 491 846; x_wconf 83' lang='lat' dir='ltr'>opto</span> <span class='ocrx_word' id='word_1_43' title='bbox 501 775 530 846; x_wconf 76' lang='lat' dir='ltr'>et</span> <span class='ocrx_word' id='word_1_44' title='bbox 537 775 656 821; x_wconf 82' lang='lat' dir='ltr'>taetrum</span> <span class='ocrx_word' id='word_1_45' title='bbox 667 770 740 846; x_wconf 70' lang='lat' dir='ltr'>punc</span> <span class='ocrx_word' id='word_1_46' title='bbox 750 769 883 835; x_wconf 77' lang='lat' dir='ltr'>deponere</span> <span class='ocrx_word' id='word_1_47' title='bbox 891 767 1022 820; x_wconf 86' lang='lat' dir='ltr'>morbum</span> 
     </span>
    </p>

    <p class='ocr_par' dir='ltr' id='par_1_7' title="bbox 289 833 1028 901">
     <span class='ocr_line' id='line_1_8' title="bbox 289 833 1028 901; baseline -0.008 -13"><span class='ocrx_word' id='word_1_48' title='bbox 289 835 830 901; x_wconf 75' lang='lat' dir='ltr'>0d1,reddrtem1hocprop1etatemea</span> <span class='ocrx_word' id='word_1_49' title='bbox 995 833 1028 883; x_wconf 86' lang='lat'>26</span> 
     </span>
    </p>
   </div>
   <div class='ocr_carea' id='block_1_3' title="bbox 576 976 918 1054">
    <p class='ocr_par' dir='ltr' id='par_1_8' title="bbox 576 976 918 1054">
     <span class='ocr_line' id='line_1_9' title="bbox 576 976 918 1054; baseline 0 -26"><span class='ocrx_word' id='word_1_50' title='bbox 576 976 710 1028; x_wconf 88' lang='lat' dir='ltr'>LXXVII</span> <span class='ocrx_word' id='word_1_51' title='bbox 867 987 918 1054; x_wconf 56' lang='lat' dir='ltr'>w*</span> 
     </span>
    </p>
   </div>
   <div class='ocr_carea' id='block_1_4' title="bbox 258 1065 1030 1455">
    <p class='ocr_par' dir='ltr' id='par_1_9' title="bbox 258 1065 996 1197">
     <span class='ocr_line' id='line_1_10' title="bbox 258 1065 954 1181; baseline -0.003 -62"><span class='ocrx_word' id='word_1_52' title='bbox 258 1066 331 1119; x_wconf 84' lang='lat' dir='ltr'>Rufe</span> <span class='ocrx_word' id='word_1_53' title='bbox 341 1065 410 1117; x_wconf 93' lang='lat' dir='ltr'>mihi</span> <span class='ocrx_word' id='word_1_54' title='bbox 419 1066 521 1118; x_wconf 81' lang='lat' dir='ltr'>frustra</span> <span class='ocrx_word' id='word_1_55' title='bbox 531 1081 564 1117; x_wconf 87' lang='lat' dir='ltr'>ac</span> <span class='ocrx_word' id='word_1_56' title='bbox 574 1066 740 1132; x_wconf 78' lang='lat' dir='ltr'>nequiquam</span> <span class='ocrx_word' id='word_1_57' title='bbox 750 1066 850 1181; x_wconf 55' lang='grc' dir='ltr'>οῐψε</span> <span class='ocrx_word' id='word_1_58' title='bbox 860 1067 954 1127; x_wconf 86' lang='lat' dir='ltr'>amice,</span> 
     </span>
     <span class='ocr_line' id='line_1_11' title="bbox 294 1130 996 1197; baseline 0 -15"><span class='ocrx_word' id='word_1_59' title='bbox 294 1132 423 1192; x_wconf 72' lang='lat' dir='ltr'>(frustrat</span> <span class='ocrx_word' id='word_1_60' title='bbox 438 1131 521 1181; x_wconf 93' lang='lat' dir='ltr'>immo</span> <span class='ocrx_word' id='word_1_61' title='bbox 532 1146 631 1196; x_wconf 83' lang='lat' dir='ltr'>magno</span> <span class='ocrx_word' id='word_1_62' title='bbox 642 1147 704 1182; x_wconf 86' lang='lat' dir='ltr'>cum</span> <span class='ocrx_word' id='word_1_63' title='bbox 715 1148 761 1197; x_wconf 92' lang='lat' dir='ltr'>pre</span> <span class='ocrx_word' id='word_1_64' title='bbox 774 1148 800 1182; x_wconf 84' lang='grc' dir='ltr'>ιο</span> <span class='ocrx_word' id='word_1_65' title='bbox 811 1136 894 1197; x_wconf 82' lang='lat' dir='ltr'>atque</span> <span class='ocrx_word' id='word_1_66' title='bbox 905 1130 996 1193; x_wconf 82' lang='lat' dir='ltr'>malo),</span> 
     </span>
    </p>

    <p class='ocr_par' dir='ltr' id='par_1_10' title="bbox 260 1195 923 1325">
     <span class='ocr_line' id='line_1_12' title="bbox 260 1195 923 1262; baseline 0 -15"><span class='ocrx_word' id='word_1_67' title='bbox 260 1196 344 1248; x_wconf 80' lang='lat' dir='ltr'>sicine</span> <span class='ocrx_word' id='word_1_68' title='bbox 355 1196 490 1260; x_wconf 80' lang='lat' dir='ltr'>subrepsti</span> <span class='ocrx_word' id='word_1_69' title='bbox 500 1195 547 1256; x_wconf 92' lang='lat' dir='ltr'>mi,</span> <span class='ocrx_word' id='word_1_70' title='bbox 560 1201 644 1262; x_wconf 87' lang='lat' dir='ltr'>atque</span> <span class='ocrx_word' id='word_1_71' title='bbox 654 1195 785 1250; x_wconf 87' lang='lat' dir='ltr'>intestina</span> <span class='ocrx_word' id='word_1_72' title='bbox 795 1212 923 1261; x_wconf 83' lang='lat' dir='ltr'>perurens</span> 
     </span>
     <span class='ocr_line' id='line_1_13' title="bbox 292 1259 862 1325; baseline 0 -14"><span class='ocrx_word' id='word_1_73' title='bbox 292 1261 318 1312; x_wconf 88' lang='lat' dir='ltr'>ei</span> <span class='ocrx_word' id='word_1_74' title='bbox 328 1260 425 1310; x_wconf 86' lang='lat' dir='ltr'>misero</span> <span class='ocrx_word' id='word_1_75' title='bbox 436 1259 559 1325; x_wconf 83' lang='lat' dir='ltr'>eripuisti</span> <span class='ocrx_word' id='word_1_76' title='bbox 569 1260 660 1311; x_wconf 89' lang='lat' dir='ltr'>omnia</span> <span class='ocrx_word' id='word_1_77' title='bbox 670 1265 762 1312; x_wconf 86' lang='lat' dir='ltr'>nostra</span> <span class='ocrx_word' id='word_1_78' title='bbox 773 1260 862 1311; x_wconf 78' lang='lat' dir='ltr'>bonai</span> 
     </span>
    </p>

    <p class='ocr_par' dir='ltr' id='par_1_11' title="bbox 260 1323 1030 1455">
     <span class='ocr_line' id='line_1_14' title="bbox 260 1323 1030 1390; baseline -0.001 -13"><span class='ocrx_word' id='word_1_79' title='bbox 260 1324 391 1390; x_wconf 80' lang='lat' dir='ltr'>eripuisti,</span> <span class='ocrx_word' id='word_1_80' title='bbox 404 1323 473 1374; x_wconf 90' lang='lat' dir='ltr'>eheu</span> <span class='ocrx_word' id='word_1_81' title='bbox 484 1328 591 1374; x_wconf 89' lang='lat' dir='ltr'>nostrae</span> <span class='ocrx_word' id='word_1_82' title='bbox 600 1325 707 1376; x_wconf 86' lang='lat' dir='ltr'>crudele</span> <span class='ocrx_word' id='word_1_83' title='bbox 717 1339 854 1376; x_wconf 88' lang='lat' dir='ltr'>uenenum</span> <span class='ocrx_word' id='word_1_84' title='bbox 1017 1335 1030 1388; x_wconf 83' lang='lat'><strong>5</strong></span> 
     </span>
     <span class='ocr_line' id='line_1_15' title="bbox 292 1388 825 1455; baseline -0.002 -14"><span class='ocrx_word' id='word_1_85' title='bbox 292 1389 377 1450; x_wconf 82' lang='lat' dir='ltr'>uitae,</span> <span class='ocrx_word' id='word_1_86' title='bbox 390 1388 460 1440; x_wconf 85' lang='lat' dir='ltr'>eheu</span> <span class='ocrx_word' id='word_1_87' title='bbox 470 1393 577 1440; x_wconf 86' lang='lat' dir='ltr'>nostrae</span> <span class='ocrx_word' id='word_1_88' title='bbox 587 1389 671 1455; x_wconf 83' lang='lat' dir='ltr'>pestis</span> <span class='ocrx_word' id='word_1_89' title='bbox 681 1389 825 1440; x_wconf 81' lang='lat' dir='ltr'>amicitiae</span> 
     </span>
    </p>
   </div>
   <div class='ocr_carea' id='block_1_5' title="bbox 572 1526 722 1578">
    <p class='ocr_par' dir='ltr' id='par_1_12' title="bbox 572 1526 722 1578">
     <span class='ocr_line' id='line_1_16' title="bbox 572 1526 722 1578; baseline 0 0"><span class='ocrx_word' id='word_1_90' title='bbox 572 1526 722 1578; x_wconf 90' lang='lat' dir='ltr'>LXXVIII</span> 
     </span>
    </p>
   </div>
   <div class='ocr_carea' id='block_1_6' title="bbox 262 1615 1023 1813">
    <p class='ocr_par' dir='ltr' id='par_1_13' title="bbox 262 1615 1023 1813">
     <span class='ocr_line' id='line_1_17' title="bbox 262 1615 1023 1684; baseline -0.001 -15"><span class='ocrx_word' id='word_1_91' title='bbox 262 1616 359 1669; x_wconf 81' lang='lat' dir='ltr'>Gallus</span> <span class='ocrx_word' id='word_1_92' title='bbox 368 1615 452 1668; x_wconf 87' lang='lat' dir='ltr'>habet</span> <span class='ocrx_word' id='word_1_93' title='bbox 461 1615 567 1676; x_wconf 80' lang='lat' dir='ltr'>fratres,</span> <span class='ocrx_word' id='word_1_94' title='bbox 579 1619 721 1682; x_wconf 83' lang='lat' dir='ltr'>quorumst</span> <span class='ocrx_word' id='word_1_95' title='bbox 728 1617 895 1684; x_wconf 84' lang='lat' dir='ltr'>lepidissima</span> <span class='ocrx_word' id='word_1_96' title='bbox 905 1617 1023 1673; x_wconf 84' lang='lat' dir='ltr'>coniunx</span> 
     </span>
     <span class='ocr_line' id='line_1_18' title="bbox 295 1681 750 1747; baseline 0.002 -14"><span class='ocrx_word' id='word_1_97' title='bbox 295 1681 415 1743; x_wconf 86' lang='lat' dir='ltr'>alterius,</span> <span class='ocrx_word' id='word_1_98' title='bbox 429 1681 534 1747; x_wconf 86' lang='lat' dir='ltr'>lepidus</span> <span class='ocrx_word' id='word_1_99' title='bbox 546 1681 618 1732; x_wconf 89' lang='lat' dir='ltr'>filius</span> <span class='ocrx_word' id='word_1_100' title='bbox 629 1682 750 1734; x_wconf 88' lang='lat' dir='ltr'>alterius.</span> 
     </span>
     <span class='ocr_line' id='line_1_19' title="bbox 263 1746 996 1813; baseline 0 -15"><span class='ocrx_word' id='word_1_101' title='bbox 263 1746 360 1798; x_wconf 82' lang='lat' dir='ltr'>Gallus</span> <span class='ocrx_word' id='word_1_102' title='bbox 370 1746 477 1798; x_wconf 80' lang='lat' dir='ltr'>homost</span> <span class='ocrx_word' id='word_1_103' title='bbox 487 1746 589 1798; x_wconf 87' lang='lat' dir='ltr'>bellus:</span> <span class='ocrx_word' id='word_1_104' title='bbox 607 1763 671 1797; x_wconf 88' lang='lat' dir='ltr'>uam</span> <span class='ocrx_word' id='word_1_105' title='bbox 682 1747 774 1798; x_wconf 79' lang='lat' dir='ltr'>dulces</span> <span class='ocrx_word' id='word_1_106' title='bbox 784 1747 875 1813; x_wconf 84' lang='lat' dir='ltr'>iungit</span> <span class='ocrx_word' id='word_1_107' title='bbox 884 1761 996 1808; x_wconf 86' lang='lat' dir='ltr'>amores,</span> 
     </span>
    </p>
   </div>
   <div class='ocr_carea' id='block_1_7' title="bbox 264 1811 1033 2008">
    <p class='ocr_par' dir='ltr' id='par_1_14' title="bbox 264 1811 1033 2008">
     <span class='ocr_line' id='line_1_20' title="bbox 264 1811 1033 1953; baseline 0.001 -26"><span class='ocrx_word' id='word_1_108' title='bbox 264 1811 995 1953; x_wconf 42' lang='lat' dir='ltr'>Gfflpzffiptsffillppsbglpppuffilpepssmm</span> <span class='ocrx_word' id='word_1_109' title='bbox 1018 1888 1033 1940; x_wconf 83' lang='grc'><strong><em>5</em></strong></span> 
     </span>
     <span class='ocr_line' id='line_1_21' title="bbox 297 1941 891 2008; baseline -0.002 -15"><span class='ocrx_word' id='word_1_110' title='bbox 297 1958 345 2008; x_wconf 86' lang='lat' dir='ltr'>qur</span> <span class='ocrx_word' id='word_1_111' title='bbox 355 1946 465 2008; x_wconf 88' lang='lat' dir='ltr'>patruos</span> <span class='ocrx_word' id='word_1_112' title='bbox 476 1946 567 2008; x_wconf 83' lang='lat' dir='ltr'>patrui</span> <span class='ocrx_word' id='word_1_113' title='bbox 577 1945 709 1993; x_wconf 87' lang='lat' dir='ltr'>monstret</span> <span class='ocrx_word' id='word_1_114' title='bbox 719 1941 891 1992; x_wconf 74' lang='lat' dir='ltr'>adulterium.</span> 
     </span>
    </p>
   </div>
   <div class='ocr_carea' id='block_1_8' title="bbox 568 2082 734 2135">
    <p class='ocr_par' dir='ltr' id='par_1_15' title="bbox 568 2082 734 2135">
     <span class='ocr_line' id='line_1_22' title="bbox 568 2082 734 2135; baseline 0.012 -2"><span class='ocrx_word' id='word_1_115' title='bbox 568 2082 734 2135; x_wconf 81' lang='lat' dir='ltr'>LXXVIII*</span> 
     </span>
    </p>
   </div>
   <div class='ocr_carea' id='block_1_9' title="bbox 286 2171 1037 2433">
    <p class='ocr_par' dir='ltr' id='par_1_16' title="bbox 286 2171 1037 2433">
     <span class='ocr_line' id='line_1_23' title="bbox 331 2171 978 2238; baseline -0.002 -13"><span class='ocrx_word' id='word_1_116' title='bbox 331 2173 385 2226; x_wconf 83' lang='lat' dir='ltr'>Sed</span> <span class='ocrx_word' id='word_1_117' title='bbox 396 2171 507 2224; x_wconf 89' lang='lat' dir='ltr'>nuncid</span> <span class='ocrx_word' id='word_1_118' title='bbox 518 2171 604 2233; x_wconf 88' lang='lat' dir='ltr'>doleo,</span> <span class='ocrx_word' id='word_1_119' title='bbox 617 2172 690 2238; x_wconf 89' lang='lat' dir='ltr'>quod</span> <span class='ocrx_word' id='word_1_120' title='bbox 700 2188 783 2238; x_wconf 86' lang='lat' dir='ltr'>purae</span> <span class='ocrx_word' id='word_1_121' title='bbox 794 2189 861 2238; x_wconf 84' lang='lat' dir='ltr'>pura</span> <span class='ocrx_word' id='word_1_122' title='bbox 872 2172 978 2238; x_wconf 82' lang='lat' dir='ltr'>puellae</span> 
     </span>
     <span class='ocr_line' id='line_1_24' title="bbox 363 2237 874 2302; baseline -0.002 -13"><span class='ocrx_word' id='word_1_123' title='bbox 363 2237 441 2289; x_wconf 87' lang='lat' dir='ltr'>sauia</span> <span class='ocrx_word' id='word_1_124' title='bbox 451 2237 600 2288; x_wconf 84' lang='lat' dir='ltr'>conminxit</span> <span class='ocrx_word' id='word_1_125' title='bbox 610 2253 707 2302; x_wconf 89' lang='lat' dir='ltr'>spurca</span> <span class='ocrx_word' id='word_1_126' title='bbox 717 2237 806 2288; x_wconf 91' lang='lat' dir='ltr'>saliua</span> <span class='ocrx_word' id='word_1_127' title='bbox 816 2241 874 2288; x_wconf 86' lang='lat' dir='ltr'>tua.</span> 
     </span>
     <span class='ocr_line' id='line_1_25' title="bbox 330 2300 1037 2367; baseline 0 -15"><span class='ocrx_word' id='word_1_128' title='bbox 330 2318 426 2352; x_wconf 89' lang='lat' dir='ltr'>uerum</span> <span class='ocrx_word' id='word_1_129' title='bbox 433 2302 462 2352; x_wconf 89' lang='lat' dir='ltr'>id</span> <span class='ocrx_word' id='word_1_130' title='bbox 470 2317 524 2352; x_wconf 92' lang='lat' dir='ltr'>non</span> <span class='ocrx_word' id='word_1_131' title='bbox 531 2301 633 2367; x_wconf 90' lang='lat' dir='ltr'>inpune</span> <span class='ocrx_word' id='word_1_132' title='bbox 643 2301 728 2353; x_wconf 80' lang='lat' dir='ltr'>feres:</span> <span class='ocrx_word' id='word_1_133' title='bbox 745 2303 941 2353; x_wconf 89' lang='lat' dir='ltr'>namteomnia</span> <span class='ocrx_word' id='word_1_134' title='bbox 947 2300 1037 2353; x_wconf 86' lang='lat' dir='ltr'>saecla</span> 
     </span>
     <span class='ocr_line' id='line_1_26' title="bbox 286 2365 1037 2433; baseline 0 -15"><span class='ocrx_word' id='word_1_135' title='bbox 286 2381 317 2418; x_wconf 85' lang='lat'>10</span> <span class='ocrx_word' id='word_1_136' title='bbox 364 2370 484 2428; x_wconf 85' lang='lat' dir='ltr'>noscent,</span> <span class='ocrx_word' id='word_1_137' title='bbox 497 2369 525 2418; x_wconf 88' lang='lat' dir='ltr'>et</span> <span class='ocrx_word' id='word_1_138' title='bbox 535 2365 584 2432; x_wconf 92' lang='lat' dir='ltr'>qui</span> <span class='ocrx_word' id='word_1_139' title='bbox 593 2366 631 2417; x_wconf 87' lang='lat' dir='ltr'>sis</span> <span class='ocrx_word' id='word_1_140' title='bbox 641 2365 715 2418; x_wconf 82' lang='lat' dir='ltr'>fama</span> <span class='ocrx_word' id='word_1_141' title='bbox 726 2365 854 2433; x_wconf 82' lang='lat' dir='ltr'>loquetur</span> <span class='ocrx_word' id='word_1_142' title='bbox 863 2383 940 2418; x_wconf 84' lang='lat' dir='ltr'>auus.</span> <span class='ocrx_word' id='word_1_143' title='bbox 1019 2382 1037 2427; x_wconf 90' lang='lat'>4</span> 
     </span>
    </p>
   </div>
   <div class='ocr_carea' id='block_1_10' title="bbox 269 2543 1039 2885">
    <p class='ocr_par' dir='ltr' id='par_1_17' title="bbox 269 2543 1039 2885">
     <span class='ocr_line' id='line_1_27' title="bbox 297 2543 1037 2600; baseline 0.001 -11"><span class='ocrx_word' id='word_1_144' title='bbox 297 2543 498 2600; x_wconf 58' lang='lat' dir='ltr'>illaesaseuV,</span> <span class='ocrx_word' id='word_1_145' title='bbox 523 2543 706 2591; x_wconf 61' lang='lat' dir='ltr'>aaeLaohali&#39;u</span> <span class='ocrx_word' id='word_1_146' title='bbox 728 2543 918 2590; x_wconf 71' lang='lat' dir='ltr'>asmmnwv.</span> <span class='ocrx_word' id='word_1_147' title='bbox 942 2557 1037 2600; x_wconf 76' lang='lat' dir='ltr'>empore</span> 
     </span>
     <span class='ocr_line' id='line_1_28' title="bbox 269 2602 1035 2658; baseline -0.001 -9"><span class='ocrx_word' id='word_1_148' title='bbox 269 2603 301 2650; x_wconf 91' lang='lat' dir='ltr'>V.</span> <span class='ocrx_word' id='word_1_149' title='bbox 332 2605 361 2647; x_wconf 74' lang='grc'>26</span> <span class='ocrx_word' id='word_1_150' title='bbox 376 2604 416 2649; x_wconf 84' lang='lat' dir='ltr'>dei</span> <span class='ocrx_word' id='word_1_151' title='bbox 429 2602 461 2648; x_wconf 89' lang='lat' dir='ltr'>V.</span> <span class='ocrx_word' id='word_1_152' title='bbox 613 2603 774 2649; x_wconf 87' lang='lat' dir='ltr'>Interuallum</span> <span class='ocrx_word' id='word_1_153' title='bbox 788 2603 815 2648; x_wconf 75' lang='lat' dir='ltr'>In</span> <span class='ocrx_word' id='word_1_154' title='bbox 828 2603 860 2648; x_wconf 91' lang='lat' dir='ltr'>V.</span> <span class='ocrx_word' id='word_1_155' title='bbox 892 2603 990 2648; x_wconf 65' lang='lat' dir='ltr'>mnes</span> <span class='ocrx_word' id='word_1_156' title='bbox 1005 2602 1035 2658; x_wconf 92' lang='lat'>0,</span> 
     </span>
     <span class='ocr_line' id='line_1_29' title="bbox 269 2659 1036 2720; baseline -0.004 -12"><span class='ocrx_word' id='word_1_157' title='bbox 269 2663 346 2708; x_wconf 71' lang='lat' dir='ltr'>emico</span> <span class='ocrx_word' id='word_1_158' title='bbox 353 2662 383 2718; x_wconf 88' lang='lat' dir='ltr'>G,</span> <span class='ocrx_word' id='word_1_159' title='bbox 394 2665 526 2720; x_wconf 80' lang='lat' dir='ltr'>utrumque</span> <span class='ocrx_word' id='word_1_160' title='bbox 535 2664 636 2706; x_wconf 77' lang='lat' dir='ltr'>nactum</span> <span class='ocrx_word' id='word_1_161' title='bbox 645 2661 760 2707; x_wconf 84' lang='lat' dir='ltr'>fautores.</span> <span class='ocrx_word' id='word_1_162' title='bbox 791 2663 806 2704; x_wconf 80' lang='grc' dir='ltr'><strong>δ</strong></span> <span class='ocrx_word' id='word_1_163' title='bbox 816 2665 842 2706; x_wconf 81' lang='lat' dir='ltr'>et</span> <span class='ocrx_word' id='word_1_164' title='bbox 851 2663 865 2704; x_wconf 80' lang='grc'><strong>6</strong></span> <span class='ocrx_word' id='word_1_165' title='bbox 875 2661 932 2706; x_wconf 78' lang='lat' dir='ltr'>eheu</span> <span class='ocrx_word' id='word_1_166' title='bbox 938 2659 1036 2716; x_wconf 67' lang='lat' dir='ltr'>Baehr„</span> 
     </span>
     <span class='ocr_line' id='line_1_30' title="bbox 270 2719 1038 2776; baseline -0.005 -10"><span class='ocrx_word' id='word_1_167' title='bbox 270 2721 299 2766; x_wconf 81' lang='lat' dir='ltr'>he</span> <span class='ocrx_word' id='word_1_168' title='bbox 313 2721 359 2766; x_wconf 76' lang='lat' dir='ltr'>lieu</span> <span class='ocrx_word' id='word_1_169' title='bbox 376 2720 405 2776; x_wconf 92' lang='lat' dir='ltr'>G,</span> <span class='ocrx_word' id='word_1_170' title='bbox 424 2721 471 2766; x_wconf 76' lang='lat' dir='ltr'>tea</span> <span class='ocrx_word' id='word_1_171' title='bbox 487 2719 516 2766; x_wconf 90' lang='lat'>0.</span> <span class='ocrx_word' id='word_1_172' title='bbox 552 2721 662 2776; x_wconf 70' lang='lat' dir='ltr'>tpectaa</span> <span class='ocrx_word' id='word_1_173' title='bbox 677 2721 709 2768; x_wconf 91' lang='lat' dir='ltr'>V.</span> <span class='ocrx_word' id='word_1_174' title='bbox 740 2719 873 2763; x_wconf 78' lang='lat' dir='ltr'>LXXVIII*</span> <span class='ocrx_word' id='word_1_175' title='bbox 888 2735 903 2765; x_wconf 89' lang='lat' dir='ltr'>a</span> <span class='ocrx_word' id='word_1_176' title='bbox 919 2719 1038 2776; x_wconf 79' lang='lat' dir='ltr'>Scaligero</span> 
     </span>
     <span class='ocr_line' id='line_1_31' title="bbox 270 2778 1039 2881; baseline -0.005 -56"><span class='ocrx_word' id='word_1_177' title='bbox 270 2779 435 2881; x_wconf 44' lang='lat' dir='ltr'>aliisquxescum</span> <span class='ocrx_word' id='word_1_178' title='bbox 446 2778 551 2827; x_wconf 84' lang='lat' dir='ltr'>carmine</span> <span class='ocrx_word' id='word_1_179' title='bbox 561 2778 680 2824; x_wconf 88' lang='lat' dir='ltr'>LXXVII</span> <span class='ocrx_word' id='word_1_180' title='bbox 689 2779 852 2826; x_wconf 85' lang='lat' dir='ltr'>coniunctum.</span> <span class='ocrx_word' id='word_1_181' title='bbox 878 2778 1039 2836; x_wconf 59' lang='lat' dir='ltr'>afrorumque</span> 
     </span>
     <span class='ocr_line' id='line_1_32' title="bbox 271 2843 385 2885; baseline -0.009 0"><span class='ocrx_word' id='word_1_182' title='bbox 271 2843 345 2885; x_wconf 75' lang='lat' dir='ltr'>tonus</span> <span class='ocrx_word' id='word_1_183' title='bbox 379 2869 385 2884; x_wconf 89' lang='lat'>.</span> 
     </span>
    </p>
   </div>
   <div class='ocr_carea' id='block_1_11' title="bbox 0 0 1242 3448">
    <p class='ocr_par' dir='ltr' id='par_1_18' title="bbox 0 0 1242 3448">
     <span class='ocr_line' id='line_1_33' title="bbox 0 0 1242 3448; baseline 0 0"><span class='ocrx_word' id='word_1_184' title='bbox 0 0 1242 3448; x_wconf 95' lang='lat' dir='ltr'> </span> 
     </span>
    </p>
   </div>
  </div>
 </body>
</html>
