2428 3448
305 315 481 366 OABMINA
505 315 593 366 LXX
595 315 818 367 VI-LXXXII
911 317 943 372 77

502 509 622 560 LXXIX

175 599 289 652 Lesbius
299 603 342 652 eet
352 600 459 666 pulcer:
477 598 543 664 quid
555 599 601 649 ni?
618 615 699 665 quem
710 599 807 652 LeebIa
817 598 896 652 malit
932 597 934 606 '

225 680 288 716 uam
299 669 329 716 te
340 681 402 716 oum
412 667 472 716 tota
483 667 572 728 gente,
587 663 703 726 Catulle,
717 669 774 716 tua.

174 681 225 781 eeI
232 733 325 781 tamen
335 729 380 780 hio
391 729 483 795 pulcer
494 727 598 779 uendat
609 744 670 779 oum
682 732 764 795 gente
775 727 925 790 Catullum,

207 793 233 845 si
243 794 296 846 tria
307 798 433 846 notorum
443 791 523 844 sauia
532 793 684 858 reppererit.
734 839 736 844 .

505 958 610 1010 LXXX

176 1047 248 1110 Quid
259 1047 356 1108 dicam,
370 1047 451 1109 Gelli,
462 1064 548 1162 guare
558 1063 635 1099 rosea
645 1047 699 1098 isto.
709 1047 810 1100 labella

207 1111 320 1163 hiberna
331 1112 399 1162 fiant
410 1128 460 1162 ean
480 1112 566 1164 idiora
577 1112 649 1173 niue,

175 1193 254 1228 mane
265 1177 344 1227 domo
355 1193 417 1227 oum
428 1177 486 1227 exis
498 1181 525 1227 et
537 1194 598 1228 oum
610 1181 637 1228 te
649 1181 746 1228 octaua
757 1177 849 1242 qulete

208 1241 310 1292 emolli
319 1241 400 1306 longo
412 1242 526 1292 suscitat
537 1242 604 1292 hora
614 1241 676 1292 diet

175 1305 265 1357 neseio
276 1305 342 1420 auid
353 1309 451 1356 oertest
462 1327 468 1356 z
486 1322 522 1356 an
533 1323 596 1357 uere
607 1306 682 1356 lama
693 1308 815 1357 susurrat
931 1315 945 1370 5

210 1387 276 1436 gran
296 1371 362 1421 iate
373 1370 456 1420 medii
467 1374 544 1422 tenta
555 1387 650 1421 uorare
661 1370 730 1420 uiri?
835 1409 837 1414 .

176 1435 214 1486 oio
225 1439 339 1486 oertest:
357 1434 477 1486 clamant
488 1435 605 1486 Victoris
616 1440 696 1500 rupta
707 1433 806 1486 miselli

208 1499 265 1562 ilia,
278 1503 306 1552 et
317 1498 421 1552 emulso
431 1499 508 1551 labra
519 1504 614 1551 notata
625 1515 691 1551 sero.

505 1664 624 1715 LXXXI

176 1753 298 1804 Nemone
309 1752 338 1803 in
348 1756 427 1804 tanto
438 1753 527 1820 potuit
538 1769 572 1818 po
591 1752 636 1802 ulo
648 1768 714 1812 esse,
728 1751 848 1815 quenti,

208 1816 395 1878 bellushomo,
409 1834 490 1883 quem
501 1822 532 1868 tu
544 1817 570 1866 d'
583 1817 655 1881 igere
666 1816 805 1882 inoiperee,

177 1885 366 1948 praeterquam
377 1882 429 1932 iste
440 1886 502 1932 tuos
514 1881 674 1932 moribunda
686 1881 721 1931 ab
732 1880 795 1932 sede
807 1880 914 1932 Pisauri

208 1945 258 1996 hos
277 1962 305 1996 es
317 1946 444 1996 inaurata
455 1946 580 2010 pallidior
592 1950 692 2005 statua,

177 2010 225 2078 qui
235 1963 287 2062 tiIi
298 2026 370 2060 nuno
381 2010 488 2070 eordist‚
520 2025 583 2060 uem
594 2014 626 2060 tu
637 2023 799 2074 praeponere
809 2007 887 2062 nobis
932 2021 946 2075 5

208 2075 303 2138 audes,
316 2079 344 2127 et
354 2074 441 2126 neseis
453 2027 525 2141 quoti
535 2074 641 2125 lacinus
651 2073 743 2125 faciae.

496 2239 630 2290 LXXXII

179 2326 283 2390 Quinti,
296 2325 320 2378 si
331 2327 382 2378 tibi
392 2328 436 2379 uio
447 2328 539 2379 oeulos
550 2327 646 2379 debere
657 2325 798 2380 Catullum

210 2396 260 2442 aut
271 2390 347 2442 aliud
358 2391 448 2458 siquid
459 2393 547 2444 carius
559 2396 600 2443 est
611 2391 703 2452 oeulis,

179 2456 280 2521 eripere
291 2455 317 2507 ei
328 2455 393 2516 noli,
406 2457 494 2507 multo
505 2457 577 2522 quod
589 2456 677 2506 carius
688 2455 730 2506 illi

211 2524 253 2572 est
263 2520 348 2571 oeulis
360 2536 408 2572 seu
419 2521 486 2587 quid
496 2521 585 2571 carius
596 2525 638 2572 est
649 2520 741 2572 oeulia

208 2701 303 2747 mlx
313 2704 330 2748 4
340 2707 451 2750 notorum
465 2704 494 2759 Ο,
508 2703 580 2759 Soel.‚
592 2707 705 2748 mamam
716 2702 745 2749 G.
776 2699 859 2746 rm
870 2701 947 2748 Inter·

179 2761 273 2808 uallmn
286 2763 313 2808 iu
326 2761 358 2808 V.
391 2764 405 2806 8
419 2764 460 2808 ille
475 2768 497 2808 te
512 2764 599 2808 emrtlro
609 2761 641 2818 V,
653 2775 712 2806 corr.
725 2762 752 2807 P.
765 2761 909 2807 Valerianus
922 2764 948 2806 et

179 2820 336 2926 ⁸⁰(olitlguernue,
347 2821 401 2878 ilio,
413 2822 443 2868 ab
453 2834 471 2868 e.
484 2821 571 2868 Baehr.
603 2820 677 2867 borlo
690 2820 823 2867 Housman.
853 2818 948 2864 lxm
