2438 3440
409 883 665 954 SIGLARIVM

181 1048 206 1102 G
222 1048 307 1101 codex
324 1045 389 1100 olim
406 1049 653 1123 sangermanensis,
670 1065 742 1104 nunc
759 1048 917 1106 Parisiensis

151 1126 526 1192 (14137),membranaceus,a.
536 1129 832 1190 crocccrxxv‚meneis
840 1129 918 1182 Octo-

150 1205 202 1256 bris
218 1203 244 1254 d.
261 1204 329 1254 xxix
346 1203 493 1256 absolutus.
520 1205 655 1270 specimen
668 1204 845 1272 photographi
860 1212 919 1259 arta

150 1281 285 1347 depictum
303 1279 428 1332 exhibuit
446 1281 524 1332 Aem.
555 1281 699 1333 Chatelain
717 1281 919 1350 (Paleoprapln'e

150 1358 194 1410 dea
206 1357 355 1424 Olaaea'qaee
365 1357 471 1419 Latine,
483 1357 539 1409 tab.
553 1363 618 1420 xv.).

182 1433 206 1487 0
215 1433 300 1485 codex
309 1434 470 1486 Oxcnicnsie
478 1433 507 1485 in
516 1433 686 1486 Bibliotheca
693 1434 842 1488 Bcdlciana
849 1435 920 1488 inter

150 1509 233 1562 libros
255 1510 452 1562 Canonicianos
479 1513 519 1571 30,
549 1511 777 1573 membranaceus,
800 1512 871 1564 circa
891 1529 916 1564 a.

148 1597 262 1642 cloccoc
273 1587 396 1652 scriptus.
431 1587 566 1653 specimen
576 1587 755 1654 photographi
765 1591 824 1640 arte
832 1588 919 1655 depic-

148 1668 208 1715 tum
219 1663 344 1715 exhibuit
355 1663 423 1714 Ellis
434 1663 463 1714 in
475 1663 593 1716 editione
605 1664 698 1716 altera

179 1739 207 1792 V
222 1755 366 1791 consensus
384 1739 513 1790 librorum
531 1739 557 1792 G
575 1744 604 1791 et
622 1740 655 1802 0,
674 1755 788 1806 quorum
804 1743 920 1806 uterquc

148 1832 184 1868 ex
202 1816 294 1868 codice
313 1816 431 1882 quodam
447 1816 596 1868 Veronensi
615 1816 680 1867 oiim
696 1816 844 1882 descriptus
862 1832 920 1868 esse

146 1893 264 1944 uidetur.
300 1893 330 1944 in
348 1892 399 1944 hcc
416 1893 562 1958 archetypo
580 1893 700 1944 carmina
718 1892 826 1960 singula
843 1892 921 1942 nullo

146 1969 236 2035 spatio
250 1969 322 2024 inter
338 1984 367 2020 se
382 1969 576 2034 separabantur
594 1969 647 2020 nisi
663 1968 712 2020 ubi
726 1968 917 2020 adnotauimus

150 2051 157 2075 ‘
166 2047 345 2098 interuallum
355 2062 414 2097 esse
424 2045 453 2096 in
464 2046 489 2097 V
500 2047 514 2097 ⁵.

182 2123 279 2175 Tolim
287 2123 458 2184 Thuanaeus,
467 2138 539 2174 nunc
546 2121 705 2174 Parisiensie
714 2123 807 2185 (8071),
818 2122 921 2174 saeculi

147 2199 223 2262 noni,
244 2203 277 2250 ut
297 2198 415 2260 uidetur,
439 2215 547 2250 carmem
568 2199 749 2250 caecutiret.
785 2199 920 2265 specimen

145 2275 326 2343 photographi
334 2280 392 2327 arte
400 2276 537 2342 depictum
544 2275 669 2327 exhibuit
678 2276 756 2328 Aem.
777 2276 920 2328 Chatelain

147 2353 354 2419 (Palioyraptie
364 2352 410 2404 dee
423 2353 572 2419 Olacciqaae
580 2352 687 2414 Latiae,
700 2352 756 2404 tab.
770 2353 846 2416 xia).

182 2451 202 2481 ω
224 2429 353 2481 lectiones
375 2429 494 2482 incertae
515 2429 625 2496 originis
647 2445 715 2496 quas
737 2429 803 2481 Itali
823 2429 869 2480 uel
889 2430 918 2480 in

146 2506 254 2559 codices
273 2507 374 2558 saccali
392 2507 439 2558 xiv
456 2511 484 2558 et
501 2523 538 2557 xv
555 2506 601 2558 uel
616 2505 646 2557 in
663 2509 769 2558 ueteres
788 2505 919 2557 editiones

144 2584 221 2650 typis
229 2583 372 2650 impressas
379 2583 536 2635 intulerunt.
556 2583 688 2646 [eiusdem
695 2598 802 2649 qupque
809 2582 919 2648 originis

144 2665 215 2714 sunt
225 2677 274 2714 eae
284 2661 413 2712 lectiones
425 2677 495 2727 quae
505 2661 564 2712 sine
575 2664 645 2712 teste
656 2660 795 2722 citantur]

184 2739 218 2790 In
235 2741 316 2790 textu
334 2739 434 2789 italicis
451 2737 519 2800 (siue
537 2736 693 2798 ‘cursitavit
710 2735 808 2787 litteris
824 2739 919 2787 notan·

142 2819 194 2868 tur
217 2813 326 2866 litterae
352 2813 437 2865 uerba
462 2829 556 2865 uersus
581 2828 651 2879 quae
672 2812 702 2863 in
725 2811 860 2864 codicibus
883 2827 919 2864 na

143 2896 275 2958 corrupta
286 2891 396 2958 quidem
407 2894 517 2944 exstant
527 2889 575 2943 sed
585 2905 619 2942 ex
630 2889 784 2942 coniectura
793 2888 917 2956 supplen-
