2428 3448
364 263 538 316 CARMINA
563 263 691 318 LI-LV

145 387 241 440 subtile
252 392 280 439 et
290 387 351 440 leue
355 387 481 503 &ditum
492 387 610 450 Libonis,

145 453 168 502 ei
178 469 231 504 nen
243 453 342 514 omnia,
376 453 381 464 '
397 452 494 528 plieere
505 452 604 504 uellem

69 535 71 540 ’
145 516 194 567 tibi
205 521 233 568 et
244 517 345 568 Fufieio
356 533 414 568 aem
424 520 542 568 recoctus

145 581 255 632 irascere
265 581 364 632 iterum
373 581 441 632 meis
452 581 549 632 iambis

96 655 97 658 ’
145 643 354 708 immerentibus,
366 645 446 698 unice
455 645 607 712 imperator.

502 845 552 898 LV

145 959 267 1019 Oramus,
280 957 304 1010 si
313 957 383 1010 forte
393 973 447 1009 ηοη
457 957 635 1021 mclestumst,

145 1024 317 1084 demonstres,
330 1022 378 1074 ubi
389 1023 445 1073 sint
455 1026 520 1074 tuae
531 1023 665 1076 tenebrae.

144 1092 171 1139 te
182 1103 275 1162 eampo
287 1086 471 1153 quaesiuimus
481 1086 591 1162 minere,

143 1156 172 1203 te
182 1151 211 1203 in
222 1167 300 1212 circe,
312 1155 341 1202 te
351 1151 380 1201 in
391 1151 515 1202 omnibus
526 1150 633 1214 hbellie,

143 1221 171 1268 te
181 1216 210 1266 in
221 1216 321 1281 templo
332 1215 431 1266 summi
443 1215 516 1266 Iouis
527 1219 639 1268 sacrato.

142 1281 172 1332 iu
182 1279 278 1346 Magni
289 1280 371 1330 simul
381 1279 566 1331 ambulatione

142 1344 264 1396 femellas
275 1360 375 1405 omnes,
388 1344 481 1406 amice,
494 1343 597 1410 prendi,

143 1425 211 1476 quae
222 1408 299 1484 uoltu
310 1408 368 1484 uidi
379 1412 470 1483 tamen
481 1424 581 1460 sereno.

143 1472 315 1590 effigiei&
325 1472 682 1602 ffrliipzegitsairliraanelquellae)

143 1601 276 1669 quaedam
286 1601 384 1666 iuquit,
397 1601 502 1651 nudum
512 1601 623 1653 reducta
629 1607 730 1668 pectas,

145 1671 195 1718 ‘eu
205 1665 266 1717 heic
276 1665 305 1716 in
316 1666 397 1716 roseis
408 1665 477 1716 latet
487 1681 522 1730 pa
540 1665 613 1717 illis!

142 1731 191 1784 sed
202 1735 230 1781 te
241 1729 295 1781 iam
307 1729 375 1781 ferre
388 1729 514 1780 Herculei
553 1730 600 1781 bos
611 1734 660 1782 est.

207 1809 261 1845 ηοη
272 1798 362 1845 eustos
373 1793 397 1844 si
408 1793 494 1859 fingar
503 1793 550 1844 ille
561 1793 680 1857 Cretum,

206 1874 260 1909 non
272 1859 296 1909 ai
307 1859 425 1924 Pegaseo
435 1858 506 1908 ferar
516 1857 620 1919 uolatu,

206 1939 260 1974 ηοη
272 1923 361 1973 Ladas
372 1939 421 1998 ego
432 1922 589 1988 pinnipeeue
601 1923 722 1985 Perseua,

207 2003 262 2037 ηοη
272 1986 356 2038 Rhesi
367 2002 463 2037 mueae
474 1987 597 2052 citaeque
608 1986 694 2052 bigae.

206 2051 276 2102 adde
286 2051 340 2101 huc
350 2051 519 2116 plumipedas
529 2050 716 2118 uolatilesque,

206 2120 401 2181 uentorumque
412 2114 494 2166 simul
505 2115 610 2181 require
621 2131 745 2167 cursum:

142 2306 171 2353 L.
180 2303 264 2352 Muell.
276 2303 325 2352 alie
333 2303 382 2351 alii
395 2305 517 2350 raatieaw·
533 2303 564 2350 ,1
576 2303 672 2350 Palmer
681 2303 761 2350 locum
771 2305 806 2351 ita
815 2305 913 2361 refingit

141 2363 268 2422 pusillam,
287 2377 313 2409 oa
329 2365 410 2409 amaa
424 2365 484 2420 pice,
497 2376 515 2409 a.
527 2376 545 2408 0.
577 2361 699 2419 51141010
714 2363 808 2421 Haupt,
815 2362 914 2419 Paffitw

140 2421 206 2470 ScaL
222 2421 312 2478 aaffieic
321 2421 352 2467 V.
384 2423 475 2468 aeaiore
489 2425 551 2467 cocto
564 2421 595 2468 V.
656 2420 868 2468 Lvlmoleetuaea
879 2423 910 2470 V.

140 2481 200 2526 3110
216 2493 299 2536 campo
312 2479 388 2536 Sillig.
420 2480 510 2525 eata
545 2479 615 2525 uideo
627 2496 652 2526 a.
682 2493 766 2526 aerata
774 2480 806 2537 V,
818 2493 913 2528 serenae

140 2537 198 2584 edd.
209 2537 325 2595 complur.
357 2539 372 2582 9
386 2551 470 2583 uersus
485 2541 617 2594 ampectua.
631 2535 788 2595 ‘arimatia'
803 2551 870 2596 caepe
881 2539 909 2596 fl.

141 2598 221 2644 Riese,
253 2597 282 2640 11
296 2596 370 2642 redae
379 2596 410 2652 V,
422 2596 496 2642 finem
510 2595 633 2654 suppleuit
646 2595 714 2652 111111,
725 2597 797 2642 redae
803 2598 913 2654 mucra

142 2653 266 2702 Schwabe.
298 2655 327 2698 12
344 2668 380 2700 em
394 2654 425 2700 V.
458 2655 498 2701 tec
512 2654 544 2700 V.
605 2655 672 2698 23-32
686 2655 712 2700 iu
727 2654 795 2701 codd.
812 2655 914 2702 carmini

140 2711 228 2760 LVIII
248 2711 388 2758 subiunctos
407 2713 447 2758 hic
467 2712 594 2768 collocarit
614 2713 743 2770 Guarinus,
762 2715 818 2772 post
836 2727 861 2760 u.
883 2713 914 2760 12

140 2771 216 2818 Lech.
228 2773 284 2829 poet
293 2785 317 2817 u
329 2772 359 2817 22
368 2771 433 2828 uulg.
465 2773 494 2815 2⁶
504 2773 526 2817 ei
540 2785 581 2828 eqo
596 2770 658 2818 See),
689 2772 756 2818 2111.
773 2769 820 2818 let.
833 2773 914 2820 aiacis

139 2831 242 2890 eitieque
256 2829 317 2888 bivia
330 2829 419 2876 Muret.
432 2830 466 2876 da
475 2831 521 2876 er.
534 2832 729 2888 uinearumque
744 2830 810 2889 bavae
823 2829 912 2880 Baehr.
