2438 3440
283 245 315 294 18
482 242 509 294 0.
536 241 681 294 VALERI
701 240 865 293 CATVLLI

277 349 343 415 quid
354 348 404 399 hoe
414 347 516 399 malum
526 347 642 399 fauetis?
657 351 706 398 aut
717 347 783 414 quid
793 346 838 398 hie
847 350 944 413 potest,

277 413 330 464 nisi
341 417 423 464 uncta
434 413 561 464 deuorare
572 411 752 478 patrimoniar

277 493 344 529 eone
354 477 470 538 nomine,
485 477 557 528 urbis
569 493 584 528 ο
595 476 717 553 piissimi,

277 557 352 594 soeer
360 557 494 610 generque
504 541 657 608 perdidistis
668 540 778 598 omniat

618 690 700 742 XXX
882 623 1040 745 gued

275 779 375 832 Alfene
385 779 515 831 inmemor
525 795 542 831 a
573 795 608 830 ne
618 779 754 831 unanimis
764 779 832 832 false
843 781 989 845 sodalibus,

275 845 331 896 iam
343 849 371 897 te
381 844 421 896 nil
432 844 550 906 miseret,
583 859 638 906 ure,
651 845 693 895 lui
703 845 789 896 duleis
800 845 929 898 amiculi?

274 963 331 1016 iam
342 979 385 1014 me
396 964 514 1040 prodere,
527 963 583 1014 iam
594 979 648 1014 non
660 963 769 1040 dubitas
780 964 881 1040 fallere,
894 966 1014 1042 perfide?

275 1027 1041 1098 numfaetampraiallaeumhommumeaehcolrsplaeentl

293 1159 342 1195 uos
353 1147 385 1195 tu
396 1143 523 1220 neglegis,
535 1159 567 1194 ae
577 1159 620 1219 me
631 1144 759 1220 miserum
769 1143 868 1221 deseris
880 1145 909 1196 in
920 1147 1005 1198 malis.
1025 1161 1039 1212 5

275 1223 290 1260 e
310 1224 352 1270 eu,
370 1208 450 1324 3:112ss
456 1207 566 1323 gaurani,
586 1208 638 1270 dre,
657 1207 787 1271 hommes,
806 1225 904 1276 quorue
921 1211 1040 1265 habeant

274 1390 345 1438 certe
357 1389 416 1436 tute
427 1384 538 1436 iubebas
550 1385 669 1436 animam
679 1385 792 1448 tradere,
805 1386 906 1455 inique,
918 1407 959 1442 ma

273 1451 403 1502 inducens
414 1449 443 1500 in
454 1465 579 1512 amorem,
592 1451 671 1516 quasi
681 1454 743 1502 tuta
753 1452 844 1504 omnia
853 1453 892 1505 mi
903 1454 990 1506 forent

273 1565 346 1616 idem
357 1580 429 1615 nune
439 1563 553 1616 retrahis
565 1568 593 1616 te
603 1581 635 1616 ae
646 1568 695 1617 tua
705 1565 779 1617 dieta
789 1567 880 1618 omnia
890 1568 1016 1636 laetaque

273 1635 370 1682 uentos
380 1629 463 1680 inrita
473 1629 541 1680 ferre
552 1645 585 1681 ae
595 1629 708 1682 nebulas
718 1630 804 1682 aerias
814 1631 888 1684 sinis.
1008 1647 1038 1684 ιο

273 1744 297 1796 si
308 1727 339 1794 tir
350 1742 449 1794 oblitus
461 1757 498 1804 es,
511 1745 541 1794 at
552 1742 580 1794 di
591 1743 777 1806 meminerunt,
790 1744 913 1797 meminit
924 1746 1012 1809 Fides,

273 1823 342 1876 quae
352 1812 381 1859 te
391 1811 423 1858 ut
433 1807 572 1874 paeniteat
581 1809 721 1874 postmodo
731 1808 798 1861 faeti
807 1809 889 1862 faciet
900 1811 948 1862 tui.
959 1873 964 1883 ¹

606 1960 703 2012 XXXI

275 2050 366 2102 Paene
376 2048 535 2109 insularum,
549 2047 654 2109 Sirmio,
666 2047 869 2116 insularumque

259 2113 364 2192 garelle,
378 2129 560 2179 quascumque
570 2113 599 2164 in
610 2112 775 2178 liquentibus
786 2114 889 2181 stagnis

273 2178 394 2244 nranque
405 2181 484 2229 uasto
495 2177 548 2228 lert
558 2181 672 2243 uterque
682 2177 833 2242 Neptunus,

273 2258 356 2309 qnam
366 2245 395 2293 te
405 2241 521 2294 libenter
531 2257 666 2308 quamque
676 2241 765 2294 laetus
775 2242 872 2305 inuiso,

299 2406 328 2449 21
335 2405 378 2451 boc
385 2421 408 2461 a,
420 2405 483 2450 burra
493 2403 523 2450 V.
555 2403 730 2450 asenaria
744 2417 758 2449 o
769 2405 883 2460 piissimi,
896 2417 939 2451 nos
946 2419 954 2461 ;
968 2406 1036 2453 urbis

270 2465 445 2521 martinius
455 2463 485 2518 V,
498 2462 568 2518 orbis,
585 2463 728 2520 omisamei
742 2462 834 2520 Haupt,
847 2463 967 2518 piissimi
980 2479 1035 2510 eum

269 2522 425 2580 sequenlibus
435 2521 587 2620 coniungens,
598 2519 631 2578 (u.
641 2535 662 2567 o.
671 2521 746 2578 pudet
752 2519 825 2576 meae)
833 2520 900 2567 Ellis.
927 2523 957 2566 24
965 2537 1036 2579 gater

271 2595 378 2638 socerque
387 2579 473 2626 Baehr.
486 2593 516 2624 ex
550 2593 597 2636 erg.
617 2579 693 2626 Gatal.
705 2578 726 2636 3,
739 2578 760 2625 6.
820 2577 908 2623 md
922 2581 940 2627 i.
956 2595 981 2627 n.
998 2595 1047 2628 me·

270 2640 367 2686 dubitas
380 2639 411 2684 V.
428 2639 517 2684 ‘cruam
535 2637 655 2695 Schwabe,
671 2651 713 2684 aee
727 2637 758 2694 V,
774 2636 886 2684 lacunam
899 2651 940 2685 sus
957 2639 1034 2686 icatur

269 2697 338 2746 Ellis.
369 2698 385 2740 δ
399 2710 456 2753 quor
471 2696 548 2753 Riese,
565 2709 609 2754 que
623 2696 654 2755 V,
671 2697 847 2754 quom—malis,
864 2697 921 2742 ebra
963 2711 1032 2755 unro,

269 2770 340 2812 quem
348 2755 435 2802 Baehr.
447 2768 471 2801 u.
488 2753 504 2800 ὅ
518 2757 574 2812 post
588 2769 613 2800 u.
625 2754 640 2801 3
654 2755 740 2816 posito.
767 2755 782 2800 6
797 2755 850 2802 dim
859 2755 891 2814 V,
903 2756 954 2804 dier
963 2756 1031 2804 Ellis.

269 2815 285 2860 8
294 2816 376 2862 omnia
385 2819 440 2861 tuta
449 2814 479 2872 G,
490 2815 572 2861 emnia
582 2813 610 2860 Ο.
