2428 3448
291 230 324 283 32
484 232 510 284 C.
539 232 684 285 VALERI
705 233 749 284 ΟΛ
755 232 870 286 TVLLI

356 357 422 457 quos
433 343 546 402 iunctoa
561 341 674 402 Cameri,
685 341 752 392 mihi
762 347 794 392 at
805 341 915 405 dicares,

377 407 477 458 eiessus
490 411 581 457 tamen
594 406 718 457 omnibus
730 406 856 457 medullis

355 476 384 522 et
395 471 487 522 multia
499 471 653 546 langoribus
663 486 771 536 peresus

356 551 442 586 essem
453 539 480 586 te
491 535 567 596 mihr,
580 535 674 596 amice,
687 534 871 601 quaeritando.

292 603 369 651 tanto
380 605 426 650 ten
437 599 509 650 fastu
522 615 613 664 uagae,
626 599 731 650 amice?

293 664 337 715 dic
347 664 423 714 nobis
434 664 482 714 ubi
492 664 529 714 eis
541 664 656 724 iuturus,
669 664 718 714 ede
729 663 779 715 hoc

293 729 430 789 audacter,
445 728 581 789 conmitte,
595 728 672 779 crede
682 727 760 779 lucei.

292 808 359 843 num
370 798 397 844 te
408 793 537 843 lacteolae
548 796 642 843 tenent
651 791 777 868 puellae?

292 857 317 908 ei
327 857 449 923 linguam
459 857 551 907 clauso
562 861 637 907 tenea
648 873 677 906 ιιι
689 872 742 918 ore,

291 920 395 972 fructus
406 921 516 987 proicies
528 921 625 972 amoris
636 936 727 971 omnes
737 941 743 972 :

292 986 406 1037 uerbosa
417 986 518 1051 gaudet
529 985 622 1036 Venus
634 985 661 1036 lo
679 985 759 1037 uella.

292 1050 338 1101 uel
349 1053 372 1101 si
383 1050 434 1111 uis,
447 1050 510 1101 licet
522 1049 627 1100 obseres
638 1001 769 1115 podatum,

293 1114 358 1166 dum
369 1114 454 1166 nostri
463 1114 515 1166 sim
525 1114 657 1180 particeps
668 1113 773 1166 amoris.

643 1287 708 1342 LVI

292 1377 317 1431 0
328 1393 384 1430 rem
394 1377 544 1440 ridiculam,
558 1377 635 1438 Cato,
648 1381 677 1429 et
686 1377 804 1430 iocosam

292 1442 321 1494 di
358 1459 455 1518 amque
466 1443 576 1494 auribus
587 1447 615 1494 et
626 1446 674 1494 tuo
685 1443 821 1495 cachinno.

292 1459 357 1568 ridi}
370 1507 502 1583 qurdquid
513 1523 597 1568 amaa,
610 1507 687 1568 Cato,
701 1507 857 1560 Catullum:

292 1587 334 1623 res
346 1577 387 1622 est
398 1571 512 1623 ridrcula
522 1576 550 1622 et
561 1571 641 1622 nimia
652 1571 748 1622 iocosa.

292 1636 419 1702 deprendi
430 1636 509 1687 modo
520 1635 652 1702 pupulum
664 1635 769 1701 puellae

292 1705 459 1752 crusantem:
477 1700 549 1752 hunc
560 1716 617 1766 ego,
631 1699 655 1750 ei
666 1699 754 1766 placet
765 1699 878 1762 Dionae,

291 1781 339 1831 pro
349 1765 404 1817 telo
414 1765 502 1831 rigida
512 1780 573 1816 mea
584 1763 675 1816 cecidi.

634 1926 714 1980 LVII

292 2017 387 2070 Pulcra
399 2017 525 2069 conuenit
536 2015 654 2083 inprobis
665 2015 793 2078 cinaedis,

292 2083 447 2134 Mamurrae
458 2082 619 2149 pathicoque
631 2080 800 2156 Caesarique.

292 2161 341 2198 nec
351 2146 464 2197 mirum:
482 2146 604 2197 maculae
651 2161 693 2196 res
703 2149 832 2211 utrisque,

291 2211 395 2262 urbana
406 2210 492 2262 altera
503 2214 531 2261 et
542 2209 590 2262 illa
624 2209 753 2271 ormiana,

291 2275 427 2342 inpressae
438 2274 556 2326 resident
567 2289 616 2325 nec
627 2273 767 2326 eluantur:

1044 2285 1059 2340 5

320 2455 349 2499 29
372 2456 465 2502 iunctos
489 2453 519 2511 G,
541 2455 617 2500 aaron
642 2453 672 2512 O,
696 2454 789 2500 uinctos
808 2469 825 2496 a
913 2450 937 2498 lu
964 2457 1060 2500 canem

292 2513 417 2561 Schrader.
449 2517 531 2559 atnoe
544 2512 690 2559 addidimus.
721 2513 752 2555 14
766 2512 829 2558 teia
838 2510 903 2568 V,Il
924 2511 950 2558 ἰ.
981 2512 1017 2568 15,
1030 2513 1060 2557 1⁶

290 2574 334 2620 hoc
349 2576 406 2618 ante
422 2573 530 2617 ammitte
540 2571 613 2617 habet
623 2571 654 2626 V,
665 2584 711 2616 om.
724 2569 777 2616 edd
810 2568 942 2616 laetarer
955 2567 1016 2617 hicet
1025 2570 1056 2616 V.

291 2632 320 2678 I’l
335 2645 401 2676 auae
415 2630 446 2676 V.
478 2630 591 2686 atarv,
603 2629 757 2685 nortliutae,
770 2627 824 2674 edd
837 2627 952 2686 complut.
1007 2627 1059 2672 m

292 2687 452 2736 Interuallum
471 2687 497 2734 in
516 2688 547 2734 V.
589 2689 604 2732 6
623 2690 758 2734 caraman
777 2686 811 2742 (h.
829 2699 850 2732 e.
872 2684 1010 2742 amantea)
1029 2703 1056 2743 a,

290 2747 377 2793 Baehr.
398 2751 532 2794 causantem
554 2745 585 2803 V,
611 2745 677 2802 uulg.
716 2745 836 2802 rprotea
859 2743 914 2791 edd.
941 2743 1056 2804 complui.

290 2805 353 2851 um
368 2807 382 2850 1
397 2806 478 2864 palm
487 2805 523 2853 ita
532 2803 563 2852 V.
595 2804 688 2862 epam
697 2802 729 2862 V,
741 2803 795 2852 edd.
807 2801 924 2862 complut.
