2438 3440
357 299 531 355 GARMJNA
555 299 693 353 XIV-X
696 299 737 353 VI

519 500 574 553 XV

160 591 324 644 Commendo
334 590 385 642 tibi
395 605 438 642 me
448 606 481 642 ac
491 607 564 642 meos
575 606 688 655 amores,

159 656 262 707 Aureli.
298 656 406 707 ueniam
417 661 479 720 peto
489 656 629 721 pudenter,

159 725 200 781 ut,
213 720 237 770 si
247 719 391 786 quicquam
402 720 492 770 animo
503 725 550 770 tuo
561 721 667 784 cupisti,

159 783 232 898 guod
243 789 347 834 castum
358 788 495 860 expeteres
506 789 533 835 et
544 785 711 850 integellum,

176 865 299 899 ouserues
311 864 423 913 puerum
434 849 500 899 1111111
529 848 615 909 udice,

160 929 214 962 non
225 913 284 963 dico
296 928 313 963 a
324 913 421 1026 populo
432 933 437 964 :
456 913 482 963 n‘
505 913 511 924 ‘
535 928 659 964 ueremur

159 976 234 1038 istos,
248 976 295 1042 qui
306 976 334 1026 in
345 993 363 1042 p
374 981 436 1027 atea
447 977 525 1027 modo
536 976 589 1028 huc
600 976 679 1027 modo
689 976 756 1030 illuc

159 1041 189 1091 in
200 1057 228 1091 re
239 1045 410 1106 praetereunt
421 1057 471 1092 sua
481 1040 604 1106 occupati
614 1061 621 1092 ε

159 1121 254 1156 uerum
265 1121 282 1156 a
293 1109 321 1155 te
332 1109 423 1155 metuo
434 1109 535 1170 tuoque
545 1119 613 1171 pene

159 1169 259 1220 infesto
267 1169 356 1234 pueris
367 1169 443 1220 bonis
455 1170 593 1236 malisque.

160 1250 241 1299 quem
252 1238 284 1283 tu
295 1249 349 1299 qua
360 1233 444 1295 lubet,
458 1239 489 1284 ut
500 1234 583 1296 iubet,
597 1236 714 1296 moneto,

95 1333 101 1346 .
159 1302 292 1364 quantum
304 1299 354 1358 uis,
368 1298 414 1348 ubi
426 1297 558 1360 aritiens,
571 1302 712 1365 paratum:

160 1362 232 1414 hunc
243 1379 328 1412 unum
339 1363 451 1428 excipio,
464 1367 580 1428 utputo,
594 1363 734 1428 pudenter.

160 1427 233 1501 quod
244 1427 268 1476 si
279 1431 306 1478 te
318 1427 390 1477 mala
402 1443 476 1477 mens
487 1427 612 1493 furorque
623 1443 715 1478 uecors

160 1506 189 1541 111
201 1496 306 1541 tautam
317 1491 452 1556 inpulerit,
466 1491 585 1552 sceleste,
599 1491 716 1556 culpam,

160 1559 192 1605 ut
203 1559 324 1605 nostrum
335 1555 440 1605 insidiis
451 1571 483 1606 ca
501 1559 532 1605 ut
543 1555 668 1617 lacessas,

161 1634 178 1670 a
189 1623 248 1669 tum
260 1623 287 1670 te
298 1619 425 1670 miserum
436 1571 554 1686 malique
565 1619 624 1680 fati,

161 1698 242 1748 quem
253 1684 376 1734 attractis
388 1683 500 1748 pedibus
512 1688 623 1749 patente
634 1687 712 1748 porta

161 1751 315 1812 percurrent
325 1747 491 1814 raphanique
502 1748 670 1814 mugilesque
681 1752 687 1800 1

528 1883 597 1936 XVI

162 1971 296 2023 Pedicabo
306 1987 356 2038 ego
365 1987 414 2022 uos
426 1975 454 2022 et
464 1970 608 2033 irrumabo,

162 2037 258 2088 Aureli
269 2037 375 2102 pathice
387 2040 414 2086 et
426 2036 535 2086 cinaede
547 2036 620 2097 Furi,

161 2101 210 2167 qui
219 2117 263 2152 me
274 2117 308 2152 ex
319 2100 457 2151 uersiculis
468 2101 535 2151 meis
546 2099 672 2166 putastis,

162 2165 235 2231 quod
245 2169 309 2216 sunt
320 2164 458 2224 molliculi,
471 2180 566 2229 parum
576 2164 712 2229 pudicum.

162 2246 227 2280 nam
238 2233 342 2280 castum
354 2244 411 2279 esse
422 2229 499 2280 decet
509 2229 584 2293 pium
594 2233 702 2293 poetam

162 2293 259 2359 ipsum,
272 2293 417 2344 uersiculos
428 2292 497 2342 nihil
507 2296 649 2354 necessest,

162 2358 210 2424 qui
220 2362 279 2408 tum
290 2357 405 2423 denique
416 2356 518 2408 habent
527 2356 612 2407 selem
622 2373 654 2407 ac
664 2359 790 2426 leporem,

163 2422 187 2472 si
198 2427 261 2472 sunt
272 2421 401 2471 molliculi
413 2437 444 2471 ac
455 2437 550 2486 parum
561 2420 652 2486 pudici

163 2490 191 2536 et
203 2486 276 2552 quod
287 2485 390 2552 pruriat
400 2485 512 2536 incitare
523 2488 643 2550 possunt,

187 2637 234 2681 'XV
244 2637 404 2684 Interuallum
414 2638 440 2684 in
447 2638 478 2684 V.
500 2639 514 2682 2
521 2639 639 2695 predoctae·
646 2637 752 2696 Machly,
760 2637 928 2696 pudenlmv.

163 2697 307 2753 dpodicom
322 2695 408 2742 Baehr.
443 2698 471 2740 11
481 2711 529 2754 poa
544 2698 599 2743 libet
608 2697 639 2743 V.
674 2702 701 2743 ut
716 2697 779 2743 iubet
794 2697 823 2753 G,
840 2697 927 2744 Boehr.

163 2755 271 2811 Benoist,
286 2760 311 2800 ut
319 2753 352 2800 αι’
362 2757 424 2800 iubet
431 2756 459 2811 Ο,
470 2760 497 2801 ut
505 2756 566 2801 lubet
576 2756 655 2812 uulgo.
706 2753 761 2799 XVI
771 2757 784 2800 1
795 2754 929 2812 1111111111)

163 2813 270 2918 ἕῆιιίιιηο
287 2813 355 2860 codd
375 2814 438 2860 Plin.
458 2815 502 2872 Ep.
519 2814 556 2860 IV
572 2814 602 2860 14
616 2813 638 2860 5.
670 2814 755 2861 aaut
774 2813 842 2862 codd.
863 2814 926 2860 Plin.
