2428 3448
359 300 536 356 CARMINA
561 298 702 354 LV—LX
883 300 915 348 33

145 420 260 472 morbosi
270 419 378 486 pariter,
392 419 500 484 gemelli
511 419 566 469 utri
584 434 627 480 ue,

145 498 199 536 uno
209 485 239 535 in
249 483 373 535 lecticulo
384 483 512 534 erudituli
523 435 611 544 amieo,

145 565 200 600 non
210 549 254 600 hic
265 564 348 615 quam
358 547 405 598 ilie
416 548 502 614 magis
513 563 598 599 uorem
609 547 724 610 adulter,

146 613 246 665 sinales
257 613 338 664 sociei
349 611 537 688 puellulamm.
728 655 729 660 ,

145 678 236 744 pulcre
246 680 373 730 conuemt
382 677 500 744 inprobis
511 675 637 728 cinaedis.

482 841 577 894 LVIII

146 930 230 994 Caeli,
244 930 341 983 Lesbia
351 933 451 993 nostra,
465 930 563 983 Lesbia
573 929 630 992 ille,

145 995 195 1048 ille
205 996 310 1058 lesbia,
323 1012 407 1062 quam
418 995 542 1048 Catiullus
552 1011 637 1045 unam

146 1059 207 1126 plus
218 1076 300 1136 quam
311 1077 339 1112 se
351 1064 433 1136 atque
444 1075 506 1111 suos
517 1059 622 1110 amauit
632 1074 734 1122 omnes,

148 1140 220 1175 nunc
230 1141 259 1175 m
270 1125 420 1191 quadrimis
430 1127 458 1176 et
468 1124 615 1200 angiportis

146 1188 234 1256 glubit
244 1189 424 1256 magnanimis
433 1190 514 1241 Remi
523 1191 641 1254 nepotes.

498 1351 565 1404 LIX

147 1453 323 1506 Bononiensis
334 1452 396 1504 rufa
405 1453 526 1504 mulum
537 1453 623 1517 fellat,

147 1535 216 1570 uxor
226 1517 345 1580 Meneni,
358 1533 438 1583 saepe
449 1534 531 1583 quam
541 1518 571 1569 in
581 1518 737 1584 sepulcretis

148 1583 256 1634 uidistis
267 1583 325 1648 ipso
336 1596 427 1647 rapere
439 1582 472 1633 de
483 1598 546 1648 rogo
557 1599 658 1645 cenam,

148 1665 210 1699 cum
221 1647 380 1700 deuolutum
391 1662 426 1697 ex
436 1646 498 1712 igne
509 1663 670 1714 prosequens
680 1662 778 1714 panem

148 1712 184 1764 ab
195 1711 321 1764 semiraso
331 1710 490 1762 tunderetur
500 1714 598 1762 ustore.
901 1721 915 1775 5

506 1875 557 1926 LX

149 1965 224 2016 Num
234 1967 262 2016 te
272 1963 368 2016 lesnes
378 1963 515 2015 montibus
526 1963 675 2029 Libystinis

150 2033 200 2080 aut
212 2028 303 2095 Scylla
313 2029 417 2080 latrans
428 2027 522 2080 infime.
532 2028 674 2094 inguinum
685 2029 761 2094 parte

149 2098 208 2145 tam
218 2097 308 2144 mente
320 2093 387 2144 dura
398 2092 548 2158 procreauit
559 2108 591 2143 oc
601 2096 697 2154 taetra,

148 2162 182 2208 ut
193 2157 319 2224 supplicis
330 2173 424 2208 uocem
434 2157 464 2208 in
475 2157 621 2208 nouissimo
632 2172 697 2208 casu

149 2225 332 2288 contemptam
339 2221 460 2283 haberes,
473 2237 499 2283 a,
511 2219 765 2272 nimisierocordei
902 2233 915 2287 5

178 2403 200 2460 Β,
212 2401 296 2448 'dhaes
304 2402 341 2450 ita
350 2401 407 2449 dist.
418 2401 514 2459 Munro,
526 2402 552 2448 L.
561 2401 645 2448 Muell.
654 2401 726 2448 aliter
735 2402 784 2449 alii.
814 2404 914 2460 yemali.

149 2461 244 2508 macelli
253 2460 340 2507 Baehr.
372 2462 479 2507 lecticulo
490 2461 915 2520 OBoehr.lect1doGeddplerique.

149 2519 317 2589 9sociee'Sesl.
339 2519 479 2590 ‘sociieffi
539 2519 767 2590 Luvillloeotray.
799 2521 918 2590 occepso

148 2576 918 2690 ttitmtttitffltstmtitttiffdtsttt

148 2691 226 2738 2332.
266 2691 318 2734 nx
337 2693 351 2735 1
371 2691 431 2748 rufa
449 2691 562 2748 rufuluon
580 2690 665 2749 (genus
684 2692 806 2750 quoddam
824 2694 917 2740 tribuni

149 2747 266 2806 militum)
276 2750 391 2807 Pleitner,
402 2751 462 2808 rusa
470 2750 555 2808 rufwm
564 2751 604 2806 V;
617 2750 687 2808 Ruso
693 2752 814 2808 Rufulum
821 2753 914 2800 Pallad.

148 2808 917 2920 IdxocooteotomVundeinOaprimemsnucontenptom,in

529 2997 550 3037 Ι)
