2438 3440
392 285 566 340 CARMINA
587 282 682 336 II-V

155 419 241 470 neque
252 402 334 454 ullius
344 402 465 454 notuntis
476 402 607 468 impetum
618 402 702 454 trabis

152 469 278 535 nequisse
288 471 393 534 practer
402 467 449 528 ire,
462 467 520 518 siue
530 467 656 533 palmulis

140 733 142 736 ·
155 660 658 790 stetinum
670 724 812 778 sss

155 741 318 865 Propontilu
328 792 465 840 trucemue
475 789 621 864 Pontlcum·
628 806 726 852 smum,

154 854 202 904 ubi
212 858 264 905 uste
274 858 335 920 post
345 853 482 921 phasellus
492 857 573 929 untes
583 853 636 928 funt

114 936 118 946 ·
155 922 261 970 cometa
271 918 357 969 silua:
376 933 439 968 nem
451 918 559 983 Cytono
570 918 598 968 in
610 933 673 984 lugo

154 982 281 1048 loquente
291 997 371 1047 saepe
382 981 491 1032 sibilum
501 982 587 1034 edidit
597 997 681 1033 coms.

155 1046 277 1098 Amastri
288 1045 401 1097 Pontice
412 1050 439 1097 et
448 1046 545 1112 Cytore
556 1046 670 1107 buxifer,

155 1110 206 1162 tibi
217 1111 283 1162 hoec
292 1110 376 1162 luisse
387 1113 415 1161 et
426 1125 483 1161 esse
494 1110 677 1176 cognitissima

155 1175 195 1226 uit
205 1174 358 1240 phasellus:
375 1174 473 1226 ultimo
484 1190 518 1225 ex
527 1175 630 1240 on'gine

155 1243 203 1290 tuo
213 1239 320 1290 stetisse
330 1238 396 1290 dicit
406 1238 435 1289 in
446 1239 591 1299 cacumine,

156 1307 204 1354 tuo
213 1302 342 1354 imbuisse
352 1303 485 1368 palmulas
497 1303 526 1353 in
536 1318 659 1368 aequore,

156 1371 184 1418 et
194 1367 257 1418 inde
268 1371 309 1418 tot
320 1383 366 1433 per
376 1367 526 1432 inpotentis
536 1367 606 1418 freta

156 1448 231 1483 erum
242 1431 345 1493 tulisse,
357 1431 437 1482 laeuo
448 1431 506 1482 siue
517 1431 629 1482 dextera

155 1499 349 1556 nuceretum,
362 1495 420 1547 siue
430 1500 574 1562 utrumque
586 1497 619 1546 Iu
637 1495 706 1562 piter

149 1559 237 1610 'simul
247 1560 379 1611 secundus
389 1559 527 1636 incidisset
538 1561 566 1611 in
595 1625 601 1636 .
630 1577 689 1623 em3

156 1624 680 1764 lsttttttllllllollts

155 1768 301 1803 nou1ss1mo
312 1752 383 1803 hunc
394 1753 430 1803 ad
441 1769 526 1819 usque
537 1754 679 1818 limpidum
690 1754 787 1806 lucum.

155 1816 203 1867 sed
213 1815 279 1867 hsec
289 1817 363 1881 prius
373 1817 462 1868 luere:
480 1833 551 1868 nunc
562 1817 698 1869 recondita

156 1884 232 1931 senet
261 1880 333 1931 uiete
344 1897 426 1946 seque
437 1880 543 1931 dedicet
554 1881 612 1940 tibi,

155 1960 232 2010 geme
253 1944 374 1996 ecastor
384 1949 412 1996 et
420 1944 534 2011 gemelle
546 1945 671 1997 Castoris.

525 2097 551 2149 V

91 2211 93 2216 .
156 2183 298 2245 Viuamns,
310 2199 372 2235 meo
383 2183 488 2244 Lesbis,
501 2188 584 2259 atque
595 2201 724 2250 amemus,

155 2264 326 2314 rumoresque
336 2264 431 2299 senum
442 2264 605 2299 ssuenorum

156 2327 248 2364 omnes
260 2313 340 2363 nnius
351 2313 523 2363 aestimemus
535 2313 609 2364 assis.

154 2377 225 2430 soles
235 2376 354 2428 occidere
365 2380 393 2428 et
403 2377 488 2428 redire
499 2382 626 2442 possunt:

184 2558 383 2614 emmam.
415 2556 689 2617 tett’(h.e.lcocc)0.
721 2563 822 2608 minaci
831 2561 861 2608 V.
894 2564 924 2608 14

154 2617 322 2674 cofflwtissimc
336 2615 369 2663 V.
406 2617 436 2661 Μ
453 2632 540 2664 uocorc
554 2633 615 2665 curo
630 2620 660 2676 V,
683 2626 784 2676 uocaset
803 2635 826 2667 u.
848 2621 920 2668 Lech.

154 2675 185 2718 2³
195 2689 211 2720 o
220 2677 297 2721 marei
304 2675 375 2722 Ioch.
386 2682 478 2722 canam
486 2677 516 2723 V.
549 2679 579 2720 24
587 2680 716 2724 nouissimo
723 2696 745 2734 ω,
756 2681 882 2725 nouissimi
889 2679 920 2726 V.

153 2735 184 2778 2⁶
200 2731 225 2779 lt'
240 2733 270 2790 Ο,
288 2733 331 2780 hoc
348 2733 378 2779 G.
412 2735 441 2779 2⁶1
455 2740 561 2782 castrum
576 2736 600 2778 V
618 2734 660 2793 (αι’
678 2742 795 2783 costocum
810 2737 865 2784 udo
880 2737 919 2794 G).

153 2791 176 2835 V
186 2791 347 2896 Iutgmsllum
356 2792 382 2838 in
388 2792 420 2840 V.
442 2793 569 2841 Usamus
579 2794 608 2842 0.
631 2797 792 2843 tectimcnus
802 2796 831 2854 G,
840 2798 921 2844 estim-

152 2863 208 2898 atus
241 2883 247 2896 .
