2428 3448
415 297 590 349 CARMINA
615 297 689 348 LXI

298 408 431 460 subducat
441 425 583 460 numerum
593 409 675 474 prius,

299 473 346 538 qui
356 474 441 524 nostri
451 489 592 524 numerare
602 473 662 524 uolt

330 537 418 588 multa
428 538 504 589 milia
514 538 596 589 ludei.
683 541 693 606 J

300 666 387 718 ludite
397 670 429 717 ut
440 667 524 728 lubet,
537 670 565 718 et
575 666 651 718 breui

298 730 395 782 liberos
406 731 475 782 date.
497 747 550 782 non
562 731 639 782 decet

299 799 356 845 tam
365 800 444 846 uetus
455 795 512 846 sine
523 796 613 846 liberis

298 875 395 910 nomen
406 877 472 921 esse,
485 860 533 910 sed
543 859 664 911 indidem

330 940 434 990 semper
444 925 601 990 ingenerari.

300 1063 452 1130 Torquatus
463 1062 526 1114 uolo
536 1063 664 1128 paruolus

299 1129 393 1179 matris
404 1145 419 1179 e
430 1128 530 1194 gremio
541 1144 606 1178 suae

334 1193 435 1258 rrigens
446 1197 552 1242 teneras
563 1208 660 1243 manus

299 1209 378 1308 ddlce
389 1257 477 1307 rideat
487 1257 523 1307 ad
534 1262 638 1322 patrem

333 1321 483 1372 semhiante
494 1321 599 1372 labello.

300 1447 337 1496 sit
347 1462 396 1497 suo
407 1445 503 1496 similis
533 1447 585 1497 atri

301 1511 406 1561 Manlio
418 1515 445 1561 et
456 1511 507 1561 iac'
520 1527 535 1561 e
546 1511 654 1562 inscieis

300 1575 448 1626 noscitetur
458 1575 493 1625 ab
504 1575 627 1626 omnibus

301 1643 329 1691 et
339 1639 498 1704 pudicitiam
508 1655 574 1690 suae

333 1704 427 1755 matris
437 1704 539 1756 indicet
550 1720 601 1755 ore.

264 1822 267 1832 ¹
300 1829 364 1881 talis
375 1830 449 1882 illius
459 1847 477 1882 a
487 1831 559 1882 bona

301 1899 387 1946 matre
397 1895 458 1946 laus
469 1911 553 1961 genus
565 1895 702 1960 adprobet,

301 1959 391 2026 qualis
402 1959 483 2010 unica
494 1960 529 2010 ab
540 1961 642 2024 optima

301 2029 387 2074 matre
399 2024 558 2074 Telemacho
569 2027 661 2074 manet

334 2088 409 2138 fama
420 2088 576 2154 Penelopea

303 2213 421 2265 claudite
432 2215 510 2276 ostia,
523 2213 641 2279 uirgines
652 2235 658 2265 :

303 2278 417 2329 lusimus
428 2279 503 2329 satis.
539 2283 577 2339 at,
591 2279 670 2330 bonci

302 2344 436 2408 coniuges,
450 2344 517 2394 bene
529 2343 617 2394 uiuite
628 2348 656 2394 et

303 2423 413 2459 munere
424 2407 537 2458 adsiduo
548 2407 686 2458 ualentem

174 2484 222 2538 235
236 2449 275 2644 a(
337 2477 458 2524 exercete
469 2473 617 2558 iuuentam.

204 2681 248 2726 206
259 2681 340 2727 ludere
349 2681 380 2727 V.
415 2681 459 2724 207
474 2685 495 2727 et
509 2681 590 2726 ledere
604 2685 626 2726 et
641 2680 703 2726 lubet
713 2679 743 2725 V.
775 2681 819 2723 216
834 2680 874 2726 sed
884 2681 946 2727 miti

175 2745 231 2786 aute
241 2740 273 2797 V,
284 2754 343 2784 corr.
357 2739 418 2786 ScaL
431 2741 474 2782 218
489 2741 594 2784 insciens
609 2739 639 2784 V.
672 2740 715 2782 219
728 2739 818 2784 obertate
827 2739 943 2796 Plcitner‚

176 2799 285 2844 moetus
299 2812 324 2844 a.
342 2813 364 2844 a.
382 2801 478 2844 inscias
492 2799 586 2843 Dawes.
619 2799 662 2840 22⁰
677 2811 747 2843 soum
756 2797 786 2854 V,
799 2811 857 2844 cuae
867 2815 890 2855 o,
903 2811 945 2844 soto

176 2858 237 2905 ocni.
250 2857 337 2904 Baehr.
351 2856 385 2914 (et
395 2856 455 2914 nos).
487 2859 531 2901 230
541 2857 638 2903 asstdm
647 2857 678 2902 V.
