<?xml version="1.0" encoding="UTF-8"?>
<!DOCTYPE html PUBLIC "-//W3C//DTD XHTML 1.0 Transitional//EN"
    "http://www.w3.org/TR/xhtml1/DTD/xhtml1-transitional.dtd">
<html xmlns="http://www.w3.org/1999/xhtml" xml:lang="en" lang="en">
 <head>
  <title>
</title>
<meta http-equiv="Content-Type" content="text/html;charset=utf-8" />
  <meta name='ocr-system' content='tesseract 3.04.00' />
  <meta name='ocr-capabilities' content='ocr_page ocr_carea ocr_par ocr_line ocrx_word'/>
</head>
<body>
  <div class='ocr_page' id='page_1' title='image "./carmina00postgoog_0031.png"; bbox 0 0 2438 3440; ppageno 0'>
   <div class='ocr_carea' id='block_1_1' title="bbox 286 305 863 361">
    <p class='ocr_par' dir='ltr' id='par_1_1' title="bbox 286 305 863 361">
     <span class='ocr_line' id='line_1_1' title="bbox 286 305 863 361; baseline -0.009 0"><span class='ocrx_word' id='word_1_1' title='bbox 286 312 317 361; x_wconf 79' lang='lat'><strong>12</strong></span> <span class='ocrx_word' id='word_1_2' title='bbox 478 307 506 360; x_wconf 71' lang='lat' dir='ltr'><strong>(J.</strong></span> <span class='ocrx_word' id='word_1_3' title='bbox 533 305 679 360; x_wconf 81' lang='lat' dir='ltr'><em>VALERI</em></span> <span class='ocrx_word' id='word_1_4' title='bbox 699 305 863 358; x_wconf 81' lang='lat' dir='ltr'><strong>CATVLLI</strong></span> 
     </span>
    </p>
   </div>
   <div class='ocr_carea' id='block_1_2' title="bbox 186 415 815 742">
    <p class='ocr_par' dir='ltr' id='par_1_2' title="bbox 285 415 744 484">
     <span class='ocr_line' id='line_1_2' title="bbox 285 415 744 484; baseline -0.011 -14"><span class='ocrx_word' id='word_1_5' title='bbox 285 435 339 470; x_wconf 92' lang='lat' dir='ltr'><strong>non</strong></span> <span class='ocrx_word' id='word_1_6' title='bbox 352 418 411 469; x_wconf 88' lang='lat' dir='ltr'><strong>dico</strong></span> <span class='ocrx_word' id='word_1_7' title='bbox 421 417 520 484; x_wconf 85' lang='lat' dir='ltr'><strong>pueris,</strong></span> <span class='ocrx_word' id='word_1_8' title='bbox 533 417 580 468; x_wconf 86' lang='lat' dir='ltr'><strong>sed</strong></span> <span class='ocrx_word' id='word_1_9' title='bbox 591 416 633 479; x_wconf 76' lang='lat' dir='ltr'><strong>his</strong></span> <span class='ocrx_word' id='word_1_10' title='bbox 644 415 744 482; x_wconf 86' lang='lat' dir='ltr'><strong>pilosis,</strong></span> 
     </span>
    </p>

    <p class='ocr_par' dir='ltr' id='par_1_3' title="bbox 186 479 815 742">
     <span class='ocr_line' id='line_1_3' title="bbox 284 479 815 549; baseline -0.004 -15"><span class='ocrx_word' id='word_1_11' title='bbox 284 483 334 549; x_wconf 88' lang='lat' dir='ltr'><strong>qui</strong></span> <span class='ocrx_word' id='word_1_12' title='bbox 344 483 424 534; x_wconf 87' lang='lat' dir='ltr'><strong>duros</strong></span> <span class='ocrx_word' id='word_1_13' title='bbox 437 499 455 533; x_wconf 93' lang='lat' dir='ltr'><strong>n</strong></span> <span class='ocrx_word' id='word_1_14' title='bbox 489 485 575 532; x_wconf 86' lang='lat' dir='ltr'><strong>neunt</strong></span> <span class='ocrx_word' id='word_1_15' title='bbox 585 497 691 531; x_wconf 86' lang='lat' dir='ltr'><strong>mouere</strong></span> <span class='ocrx_word' id='word_1_16' title='bbox 702 479 815 532; x_wconf 88' lang='lat' dir='ltr'><strong>lumbos.</strong></span> 
     </span>
     <span class='ocr_line' id='line_1_4' title="bbox 186 545 769 623; baseline -0.009 -24"><span class='ocrx_word' id='word_1_17' title='bbox 186 595 189 600; x_wconf 88' lang='lat'><strong>.</strong></span> <span class='ocrx_word' id='word_1_18' title='bbox 285 563 343 608; x_wconf 91' lang='lat' dir='ltr'><strong>uos,</strong></span> <span class='ocrx_word' id='word_1_19' title='bbox 355 562 437 623; x_wconf 81' lang='lat' dir='ltr'><strong>quom</strong></span> <span class='ocrx_word' id='word_1_20' title='bbox 447 563 475 596; x_wconf 92' lang='lat' dir='ltr'><strong>m</strong></span> <span class='ocrx_word' id='word_1_21' title='bbox 496 546 523 596; x_wconf 86' lang='lat' dir='ltr'><strong>ie</strong></span> <span class='ocrx_word' id='word_1_22' title='bbox 535 545 622 596; x_wconf 82' lang='lat' dir='ltr'><strong>multa</strong></span> <span class='ocrx_word' id='word_1_23' title='bbox 634 545 769 595; x_wconf 83' lang='lat' dir='ltr'><strong>basiorum</strong></span> 
     </span>
     <span class='ocr_line' id='line_1_5' title="bbox 285 609 779 678; baseline -0.008 -15"><span class='ocrx_word' id='word_1_24' title='bbox 285 611 397 678; x_wconf 80' lang='lat' dir='ltr'><strong>legistis,</strong></span> <span class='ocrx_word' id='word_1_25' title='bbox 410 611 481 662; x_wconf 83' lang='lat' dir='ltr'><strong>mele</strong></span> <span class='ocrx_word' id='word_1_26' title='bbox 491 626 534 661; x_wconf 90' lang='lat' dir='ltr'><strong>me</strong></span> <span class='ocrx_word' id='word_1_27' title='bbox 545 626 647 660; x_wconf 84' lang='lat' dir='ltr'><strong>merem</strong></span> <span class='ocrx_word' id='word_1_28' title='bbox 658 609 779 674; x_wconf 76' lang='lat' dir='ltr'><strong>putetis?</strong></span> 
     </span>
     <span class='ocr_line' id='line_1_6' title="bbox 285 674 725 742; baseline -0.011 -13"><span class='ocrx_word' id='word_1_29' title='bbox 285 675 414 742; x_wconf 75' lang='lat' dir='ltr'><strong>podicem</strong></span> <span class='ocrx_word' id='word_1_30' title='bbox 424 691 473 742; x_wconf 86' lang='lat' dir='ltr'><strong>ego</strong></span> <span class='ocrx_word' id='word_1_31' title='bbox 484 691 533 726; x_wconf 91' lang='lat' dir='ltr'><strong>uos</strong></span> <span class='ocrx_word' id='word_1_32' title='bbox 545 679 573 726; x_wconf 88' lang='lat' dir='ltr'><strong>et</strong></span> <span class='ocrx_word' id='word_1_33' title='bbox 583 674 725 725; x_wconf 77' lang='lat' dir='ltr'><strong>inumabo.</strong></span> 
     </span>
    </p>
   </div>
   <div class='ocr_carea' id='block_1_3' title="bbox 626 779 1103 948">
    <p class='ocr_par' dir='ltr' id='par_1_4' title="bbox 626 779 1103 948">
     <span class='ocr_line' id='line_1_7' title="bbox 626 779 1103 873; baseline -0.004 -11"><span class='ocrx_word' id='word_1_34' title='bbox 626 810 710 862; x_wconf 85' lang='lat' dir='ltr'><strong>xvn</strong></span> <span class='ocrx_word' id='word_1_35' title='bbox 1006 779 1103 873; x_wconf 57' lang='grc' dir='ltr'><em>Μ</em></span> 
     </span>
     <span class='ocr_line' id='line_1_8' title="bbox 947 865 1030 948; baseline -0.012 0"><span class='ocrx_word' id='word_1_36' title='bbox 947 865 1030 948; x_wconf 53' lang='lat' dir='ltr'><strong>iffl‘</strong></span> 
     </span>
    </p>
   </div>
   <div class='ocr_carea' id='block_1_4' title="bbox 225 899 1083 2451">
    <p class='ocr_par' dir='ltr' id='par_1_5' title="bbox 283 899 912 1107">
     <span class='ocr_line' id='line_1_9' title="bbox 285 899 904 967; baseline -0.01 -11"><span class='ocrx_word' id='word_1_37' title='bbox 285 903 309 956; x_wconf 90' lang='grc' dir='ltr'>Ο</span> <span class='ocrx_word' id='word_1_38' title='bbox 321 901 440 964; x_wconf 77' lang='lat' dir='ltr'><strong>Colonia,</strong></span> <span class='ocrx_word' id='word_1_39' title='bbox 453 916 523 967; x_wconf 82' lang='lat' dir='ltr'><strong>queo</strong></span> <span class='ocrx_word' id='word_1_40' title='bbox 534 900 609 966; x_wconf 89' lang='lat' dir='ltr'><strong>cupis</strong></span> <span class='ocrx_word' id='word_1_41' title='bbox 621 903 702 966; x_wconf 87' lang='lat' dir='ltr'><strong>ponte</strong></span> <span class='ocrx_word' id='word_1_42' title='bbox 713 899 806 951; x_wconf 86' lang='lat' dir='ltr'><strong>ludere</strong></span> <span class='ocrx_word' id='word_1_43' title='bbox 816 899 904 966; x_wconf 85' lang='lat' dir='ltr'><strong>longo,</strong></span> 
     </span>
     <span class='ocr_line' id='line_1_10' title="bbox 284 965 912 1040; baseline -0.005 -21"><span class='ocrx_word' id='word_1_44' title='bbox 284 972 313 1020; x_wconf 87' lang='lat' dir='ltr'><strong>et</strong></span> <span class='ocrx_word' id='word_1_45' title='bbox 323 967 402 1018; x_wconf 78' lang='lat' dir='ltr'><strong>salire</strong></span> <span class='ocrx_word' id='word_1_46' title='bbox 413 969 537 1032; x_wconf 79' lang='lat' dir='ltr'><strong>puratum</strong></span> <span class='ocrx_word' id='word_1_47' title='bbox 547 965 639 1026; x_wconf 82' lang='lat' dir='ltr'><strong>hebes,</strong></span> <span class='ocrx_word' id='word_1_48' title='bbox 652 965 699 1015; x_wconf 87' lang='lat' dir='ltr'><strong>sed</strong></span> <span class='ocrx_word' id='word_1_49' title='bbox 710 965 808 1016; x_wconf 75' lang='lat' dir='ltr'><strong>ueneris</strong></span> <span class='ocrx_word' id='word_1_50' title='bbox 819 965 912 1040; x_wconf 82' lang='lat' dir='ltr'><strong>inepte</strong></span> 
     </span>
     <span class='ocr_line' id='line_1_11' title="bbox 283 1029 896 1107; baseline -0.01 -23"><span class='ocrx_word' id='word_1_51' title='bbox 283 1048 362 1084; x_wconf 77' lang='lat' dir='ltr'><strong>crine</strong></span> <span class='ocrx_word' id='word_1_52' title='bbox 371 1029 502 1107; x_wconf 64' lang='lat' dir='ltr'><strong>ponticuli</strong></span> <span class='ocrx_word' id='word_1_53' title='bbox 512 1029 601 1080; x_wconf 83' lang='lat' dir='ltr'><strong>exulis</strong></span> <span class='ocrx_word' id='word_1_54' title='bbox 612 1029 709 1079; x_wconf 74' lang='lat' dir='ltr'><strong>utentis</strong></span> <span class='ocrx_word' id='word_1_55' title='bbox 720 1029 749 1079; x_wconf 90' lang='lat' dir='ltr'><strong>in</strong></span> <span class='ocrx_word' id='word_1_56' title='bbox 760 1029 896 1096; x_wconf 49' lang='lat' dir='ltr'><strong>redffiis,</strong></span> 
     </span>
    </p>

    <p class='ocr_par' dir='ltr' id='par_1_6' title="bbox 225 1093 946 1212">
     <span class='ocr_line' id='line_1_12' title="bbox 225 1093 946 1212; baseline -0.006 0"><span class='ocrx_word' id='word_1_57' title='bbox 225 1143 228 1152; x_wconf 86' lang='grc'>’</span> <span class='ocrx_word' id='word_1_58' title='bbox 283 1093 946 1212; x_wconf 50' lang='lat' dir='ltr'><strong>iiiiimbtiiiiaiiiquiiiiiiiiiiimbat⁵</strong></span> 
     </span>
    </p>

    <p class='ocr_par' dir='ltr' id='par_1_7' title="bbox 283 1168 1049 1430">
     <span class='ocr_line' id='line_1_13' title="bbox 283 1168 1049 1338; baseline -0.005 -61"><span class='ocrx_word' id='word_1_59' title='bbox 283 1225 312 1277; x_wconf 93' lang='lat' dir='ltr'><strong>in</strong></span> <span class='ocrx_word' id='word_1_60' title='bbox 323 1240 377 1291; x_wconf 85' lang='lat' dir='ltr'><strong>quo</strong></span> <span class='ocrx_word' id='word_1_61' title='bbox 388 1224 434 1338; x_wconf 63' lang='lat' dir='ltr'><strong>iel</strong></span> <span class='ocrx_word' id='word_1_62' title='bbox 444 1174 695 1337; x_wconf 45' lang='lat' dir='ltr'><strong>ffiisubsiliffieclra</strong></span> <span class='ocrx_word' id='word_1_63' title='bbox 706 1197 904 1337; x_wconf 50' lang='lat' dir='ltr'><strong>{susipiuniurz</strong></span> <span class='ocrx_word' id='word_1_64' title='bbox 1035 1168 1049 1223; x_wconf 65' lang='lat'><em>⁵</em></span> 
     </span>
     <span class='ocr_line' id='line_1_14' title="bbox 283 1303 919 1347; baseline -0.005 -7"><span class='ocrx_word' id='word_1_65' title='bbox 283 1306 381 1340; x_wconf 88' lang='lat' dir='ltr'><strong>munus</strong></span> <span class='ocrx_word' id='word_1_66' title='bbox 412 1304 442 1339; x_wconf 91' lang='lat' dir='ltr'><strong>oc</strong></span> <span class='ocrx_word' id='word_1_67' title='bbox 510 1304 519 1336; x_wconf 88' lang='lat'>1</span> <span class='ocrx_word' id='word_1_68' title='bbox 530 1303 642 1337; x_wconf 80' lang='lat' dir='ltr'><strong>maximi</strong></span> <span class='ocrx_word' id='word_1_69' title='bbox 672 1303 696 1347; x_wconf 83' lang='lat' dir='ltr'><strong>e,</strong></span> <span class='ocrx_word' id='word_1_70' title='bbox 733 1303 748 1337; x_wconf 93' lang='lat' dir='ltr'><strong>o</strong></span> <span class='ocrx_word' id='word_1_71' title='bbox 759 1303 829 1347; x_wconf 83' lang='lat' dir='ltr'><strong>ome,</strong></span> <span class='ocrx_word' id='word_1_72' title='bbox 842 1303 919 1337; x_wconf 81' lang='lat' dir='ltr'><strong>risus.</strong></span> 
     </span>
     <span class='ocr_line' id='line_1_15' title="bbox 283 1351 959 1430; baseline -0.004 -25"><span class='ocrx_word' id='word_1_73' title='bbox 283 1353 419 1430; x_wconf 73' lang='lat' dir='ltr'><strong>quendum</strong></span> <span class='ocrx_word' id='word_1_74' title='bbox 429 1351 591 1416; x_wconf 84' lang='lat' dir='ltr'><strong>municipem</strong></span> <span class='ocrx_word' id='word_1_75' title='bbox 601 1367 691 1401; x_wconf 87' lang='lat' dir='ltr'><strong>meum</strong></span> <span class='ocrx_word' id='word_1_76' title='bbox 702 1351 735 1401; x_wconf 89' lang='lat' dir='ltr'><strong>de</strong></span> <span class='ocrx_word' id='word_1_77' title='bbox 746 1355 794 1401; x_wconf 88' lang='lat' dir='ltr'><strong>tuo</strong></span> <span class='ocrx_word' id='word_1_78' title='bbox 805 1351 867 1401; x_wconf 88' lang='lat' dir='ltr'><strong>uolo</strong></span> <span class='ocrx_word' id='word_1_79' title='bbox 878 1353 959 1416; x_wconf 85' lang='lat' dir='ltr'><strong>ponte</strong></span> 
     </span>
    </p>

    <p class='ocr_par' dir='ltr' id='par_1_8' title="bbox 282 1415 1083 1749">
     <span class='ocr_line' id='line_1_16' title="bbox 283 1415 1083 1529; baseline -0.005 -59"><span class='ocrx_word' id='word_1_80' title='bbox 283 1434 322 1470; x_wconf 88' lang='lat' dir='ltr'><strong>1re</strong></span> <span class='ocrx_word' id='word_1_81' title='bbox 333 1417 505 1483; x_wconf 77' lang='lat' dir='ltr'><strong>praecipitem</strong></span> <span class='ocrx_word' id='word_1_82' title='bbox 515 1416 544 1466; x_wconf 92' lang='lat' dir='ltr'><strong>in</strong></span> <span class='ocrx_word' id='word_1_83' title='bbox 554 1415 645 1466; x_wconf 88' lang='lat' dir='ltr'><strong>lutum</strong></span> <span class='ocrx_word' id='word_1_84' title='bbox 655 1431 702 1490; x_wconf 70' lang='lat' dir='ltr'><strong>per</strong></span> <span class='ocrx_word' id='word_1_85' title='bbox 712 1419 845 1481; x_wconf 79' lang='lat' dir='ltr'>caputque</span> <span class='ocrx_word' id='word_1_86' title='bbox 853 1415 999 1529; x_wconf 58' lang='lat' dir='ltr'><strong>Xedesque</strong></span> <span class='ocrx_word' id='word_1_87' title='bbox 1081 1471 1083 1476; x_wconf 62' lang='grc'>,</span> 
     </span>
     <span class='ocr_line' id='line_1_17' title="bbox 283 1479 1050 1546; baseline -0.005 -12"><span class='ocrx_word' id='word_1_88' title='bbox 283 1497 378 1534; x_wconf 86' lang='lat' dir='ltr'><strong>uerum</strong></span> <span class='ocrx_word' id='word_1_89' title='bbox 388 1481 472 1532; x_wconf 84' lang='lat' dir='ltr'><strong>totius</strong></span> <span class='ocrx_word' id='word_1_90' title='bbox 483 1484 515 1530; x_wconf 92' lang='lat' dir='ltr'><strong>ut</strong></span> <span class='ocrx_word' id='word_1_91' title='bbox 526 1479 601 1530; x_wconf 82' lang='lat' dir='ltr'><strong>lacus</strong></span> <span class='ocrx_word' id='word_1_92' title='bbox 612 1480 775 1546; x_wconf 83' lang='lat' dir='ltr'><strong>putidaeque</strong></span> <span class='ocrx_word' id='word_1_93' title='bbox 807 1479 852 1530; x_wconf 78' lang='lat' dir='ltr'><strong>alu</strong></span> <span class='ocrx_word' id='word_1_94' title='bbox 871 1479 894 1530; x_wconf 91' lang='lat' dir='ltr'><strong>is</strong></span> <span class='ocrx_word' id='word_1_95' title='bbox 1020 1493 1050 1531; x_wconf 91' lang='lat'><strong>10</strong></span> 
     </span>
     <span class='ocr_line' id='line_1_18' title="bbox 282 1495 939 1610; baseline -0.006 -12"><span class='ocrx_word' id='word_1_96' title='bbox 282 1545 445 1598; x_wconf 81' lang='lat' dir='ltr'><strong>liuidissimu</strong></span> <span class='ocrx_word' id='word_1_97' title='bbox 456 1544 626 1610; x_wconf 80' lang='lat' dir='ltr'><strong>maximeque</strong></span> <span class='ocrx_word' id='word_1_98' title='bbox 638 1549 679 1595; x_wconf 85' lang='lat' dir='ltr'><strong>est</strong></span> <span class='ocrx_word' id='word_1_99' title='bbox 690 1495 822 1609; x_wconf 63' lang='lat' dir='ltr'><strong>profunie</strong></span> <span class='ocrx_word' id='word_1_100' title='bbox 833 1560 939 1609; x_wconf 79' lang='lat' dir='ltr'><strong>uorago.</strong></span> 
     </span>
     <span class='ocr_line' id='line_1_19' title="bbox 283 1608 953 1684; baseline -0.003 -22"><span class='ocrx_word' id='word_1_101' title='bbox 283 1609 476 1662; x_wconf 79' lang='lat' dir='ltr'><strong>insulsissimus</strong></span> <span class='ocrx_word' id='word_1_102' title='bbox 487 1609 626 1669; x_wconf 85' lang='lat' dir='ltr'><strong>esthemo,</strong></span> <span class='ocrx_word' id='word_1_103' title='bbox 640 1625 689 1659; x_wconf 88' lang='lat' dir='ltr'><strong>nec</strong></span> <span class='ocrx_word' id='word_1_104' title='bbox 699 1608 770 1674; x_wconf 83' lang='lat' dir='ltr'><strong>sepit</strong></span> <span class='ocrx_word' id='word_1_105' title='bbox 780 1609 856 1684; x_wconf 79' lang='lat' dir='ltr'><strong>pueri</strong></span> <span class='ocrx_word' id='word_1_106' title='bbox 867 1608 953 1660; x_wconf 80' lang='lat' dir='ltr'><strong>instet</strong></span> 
     </span>
     <span class='ocr_line' id='line_1_20' title="bbox 282 1673 889 1749; baseline -0.005 -22"><span class='ocrx_word' id='word_1_107' title='bbox 282 1674 379 1727; x_wconf 77' lang='lat' dir='ltr'><strong>bimuli</strong></span> <span class='ocrx_word' id='word_1_108' title='bbox 389 1673 505 1726; x_wconf 84' lang='lat' dir='ltr'><strong>tremula</strong></span> <span class='ocrx_word' id='word_1_109' title='bbox 515 1673 599 1749; x_wconf 82' lang='lat' dir='ltr'><strong>petris</strong></span> <span class='ocrx_word' id='word_1_110' title='bbox 611 1673 766 1724; x_wconf 84' lang='lat' dir='ltr'><strong>donnientis</strong></span> <span class='ocrx_word' id='word_1_111' title='bbox 777 1689 806 1723; x_wconf 89' lang='lat'><strong>111</strong></span> <span class='ocrx_word' id='word_1_112' title='bbox 817 1673 889 1724; x_wconf 81' lang='lat' dir='ltr'><strong>ulna.</strong></span> 
     </span>
    </p>

    <p class='ocr_par' dir='ltr' id='par_1_9' title="bbox 284 1737 911 1806">
     <span class='ocr_line' id='line_1_21' title="bbox 284 1737 911 1806; baseline -0.005 -15"><span class='ocrx_word' id='word_1_113' title='bbox 284 1739 348 1806; x_wconf 89' lang='lat' dir='ltr'><strong>quoi</strong></span> <span class='ocrx_word' id='word_1_114' title='bbox 359 1755 420 1790; x_wconf 81' lang='lat' dir='ltr'><strong>cuni</strong></span> <span class='ocrx_word' id='word_1_115' title='bbox 430 1738 467 1790; x_wconf 87' lang='lat' dir='ltr'><strong>sit</strong></span> <span class='ocrx_word' id='word_1_116' title='bbox 478 1737 639 1788; x_wconf 83' lang='lat' dir='ltr'><strong>uindissimo</strong></span> <span class='ocrx_word' id='word_1_117' title='bbox 650 1741 736 1804; x_wconf 82' lang='lat' dir='ltr'><strong>nupta</strong></span> <span class='ocrx_word' id='word_1_118' title='bbox 746 1737 809 1788; x_wconf 87' lang='lat' dir='ltr'><strong>flore</strong></span> <span class='ocrx_word' id='word_1_119' title='bbox 820 1737 911 1804; x_wconf 83' lang='lat' dir='ltr'><strong>puelle</strong></span> 
     </span>
    </p>

    <p class='ocr_par' dir='ltr' id='par_1_10' title="bbox 283 1801 1049 1933">
     <span class='ocr_line' id='line_1_22' title="bbox 284 1801 1049 1870; baseline -0.004 -14"><span class='ocrx_word' id='word_1_120' title='bbox 284 1809 323 1868; x_wconf 76' lang='lat' dir='ltr'><strong>(et</strong></span> <span class='ocrx_word' id='word_1_121' title='bbox 334 1803 425 1870; x_wconf 84' lang='lat' dir='ltr'><strong>puelle</strong></span> <span class='ocrx_word' id='word_1_122' title='bbox 435 1802 564 1854; x_wconf 88' lang='lat' dir='ltr'><strong>tenellulo</strong></span> <span class='ocrx_word' id='word_1_123' title='bbox 575 1802 714 1853; x_wconf 84' lang='lat' dir='ltr'><strong>delicatior</strong></span> <span class='ocrx_word' id='word_1_124' title='bbox 724 1801 818 1863; x_wconf 77' lang='lat' dir='ltr'><strong>hoedo,</strong></span> <span class='ocrx_word' id='word_1_125' title='bbox 1021 1815 1049 1868; x_wconf 83' lang='lat'><strong>15</strong></span> 
     </span>
     <span class='ocr_line' id='line_1_23' title="bbox 283 1866 867 1933; baseline -0.003 -13"><span class='ocrx_word' id='word_1_126' title='bbox 283 1867 452 1920; x_wconf 77' lang='lat' dir='ltr'><strong>adseruande</strong></span> <span class='ocrx_word' id='word_1_127' title='bbox 461 1867 610 1933; x_wconf 85' lang='lat' dir='ltr'><strong>nigerrimis</strong></span> <span class='ocrx_word' id='word_1_128' title='bbox 620 1867 775 1932; x_wconf 85' lang='lat' dir='ltr'><strong>diligentius</strong></span> <span class='ocrx_word' id='word_1_129' title='bbox 786 1866 867 1928; x_wconf 82' lang='lat' dir='ltr'><strong>uuis),</strong></span> 
     </span>
    </p>

    <p class='ocr_par' dir='ltr' id='par_1_11' title="bbox 282 1931 935 1996">
     <span class='ocr_line' id='line_1_24' title="bbox 282 1931 935 1996; baseline -0.006 -11"><span class='ocrx_word' id='word_1_130' title='bbox 282 1933 375 1985; x_wconf 86' lang='lat' dir='ltr'><strong>ludere</strong></span> <span class='ocrx_word' id='word_1_131' title='bbox 385 1932 456 1983; x_wconf 79' lang='lat' dir='ltr'><strong>hanc</strong></span> <span class='ocrx_word' id='word_1_132' title='bbox 466 1931 531 1983; x_wconf 89' lang='lat' dir='ltr'><strong>sinit</strong></span> <span class='ocrx_word' id='word_1_133' title='bbox 542 1935 574 1982; x_wconf 87' lang='lat' dir='ltr'><strong>ut</strong></span> <span class='ocrx_word' id='word_1_134' title='bbox 585 1931 669 1992; x_wconf 90' lang='lat' dir='ltr'><strong>lubet,</strong></span> <span class='ocrx_word' id='word_1_135' title='bbox 683 1947 731 1982; x_wconf 88' lang='lat' dir='ltr'><strong>nec</strong></span> <span class='ocrx_word' id='word_1_136' title='bbox 742 1931 791 1996; x_wconf 90' lang='lat' dir='ltr'><strong>pili</strong></span> <span class='ocrx_word' id='word_1_137' title='bbox 801 1931 867 1982; x_wconf 85' lang='lat' dir='ltr'><strong>iecit</strong></span> <span class='ocrx_word' id='word_1_138' title='bbox 878 1931 935 1992; x_wconf 88' lang='lat' dir='ltr'><strong>uni,</strong></span> 
     </span>
    </p>

    <p class='ocr_par' dir='ltr' id='par_1_12' title="bbox 231 1995 1048 2255">
     <span class='ocr_line' id='line_1_25' title="bbox 282 1995 946 2062; baseline -0.006 -12"><span class='ocrx_word' id='word_1_139' title='bbox 282 2014 332 2050; x_wconf 89' lang='lat' dir='ltr'><strong>nec</strong></span> <span class='ocrx_word' id='word_1_140' title='bbox 343 2013 372 2049; x_wconf 86' lang='lat' dir='ltr'><strong>se</strong></span> <span class='ocrx_word' id='word_1_141' title='bbox 383 1997 508 2048; x_wconf 83' lang='lat' dir='ltr'><strong>subleuat</strong></span> <span class='ocrx_word' id='word_1_142' title='bbox 519 2012 554 2047; x_wconf 85' lang='lat' dir='ltr'><strong>ex</strong></span> <span class='ocrx_word' id='word_1_143' title='bbox 565 2013 614 2046; x_wconf 83' lang='lat' dir='ltr'><strong>suu</strong></span> <span class='ocrx_word' id='word_1_144' title='bbox 625 1999 709 2062; x_wconf 83' lang='lat' dir='ltr'><strong>perte,</strong></span> <span class='ocrx_word' id='word_1_145' title='bbox 722 1995 769 2046; x_wconf 88' lang='lat' dir='ltr'><strong>sed</strong></span> <span class='ocrx_word' id='word_1_146' title='bbox 780 1995 857 2046; x_wconf 88' lang='lat' dir='ltr'><strong>uelut</strong></span> <span class='ocrx_word' id='word_1_147' title='bbox 867 1995 946 2046; x_wconf 84' lang='lat' dir='ltr'><strong>alnus</strong></span> 
     </span>
     <span class='ocr_line' id='line_1_26' title="bbox 282 2060 1048 2127; baseline -0.007 -13"><span class='ocrx_word' id='word_1_148' title='bbox 282 2062 395 2114; x_wconf 81' lang='lat' dir='ltr'><strong>infossa</strong></span> <span class='ocrx_word' id='word_1_149' title='bbox 406 2061 499 2127; x_wconf 87' lang='lat' dir='ltr'><strong>Liguri</strong></span> <span class='ocrx_word' id='word_1_150' title='bbox 509 2061 580 2111; x_wconf 79' lang='lat' dir='ltr'><strong>iacet</strong></span> <span class='ocrx_word' id='word_1_151' title='bbox 591 2064 753 2126; x_wconf 74' lang='lat' dir='ltr'><strong>suppernata</strong></span> <span class='ocrx_word' id='word_1_152' title='bbox 764 2060 858 2120; x_wconf 84' lang='lat' dir='ltr'><strong>securi,</strong></span> <span class='ocrx_word' id='word_1_153' title='bbox 1020 2075 1048 2123; x_wconf 87' lang='lat'><strong>19</strong></span> 
     </span>
     <span class='ocr_line' id='line_1_27' title="bbox 282 2123 1047 2200; baseline -0.004 -22"><span class='ocrx_word' id='word_1_154' title='bbox 282 2125 443 2178; x_wconf 76' lang='lat' dir='ltr'><strong>tantundem</strong></span> <span class='ocrx_word' id='word_1_155' title='bbox 452 2125 542 2176; x_wconf 82' lang='lat' dir='ltr'><strong>omnia</strong></span> <span class='ocrx_word' id='word_1_156' title='bbox 549 2125 666 2176; x_wconf 86' lang='lat' dir='ltr'><strong>sentiens</strong></span> <span class='ocrx_word' id='word_1_157' title='bbox 675 2141 756 2200; x_wconf 81' lang='lat' dir='ltr'><strong>quem</strong></span> <span class='ocrx_word' id='word_1_158' title='bbox 765 2125 788 2175; x_wconf 87' lang='lat' dir='ltr'><strong>si</strong></span> <span class='ocrx_word' id='word_1_159' title='bbox 796 2123 872 2174; x_wconf 87' lang='lat' dir='ltr'><strong>nulle</strong></span> <span class='ocrx_word' id='word_1_160' title='bbox 879 2123 915 2174; x_wconf 87' lang='lat' dir='ltr'><strong>sit</strong></span> <span class='ocrx_word' id='word_1_161' title='bbox 925 2140 1047 2190; x_wconf 77' lang='lat' dir='ltr'><strong>usquam,</strong></span> 
     </span>
     <span class='ocr_line' id='line_1_28' title="bbox 231 2189 919 2255; baseline -0.006 -13"><span class='ocrx_word' id='word_1_162' title='bbox 231 2222 233 2227; x_wconf 93' lang='lat'><em>·</em></span> <span class='ocrx_word' id='word_1_163' title='bbox 282 2191 346 2242; x_wconf 85' lang='lat' dir='ltr'><strong>telis</strong></span> <span class='ocrx_word' id='word_1_164' title='bbox 357 2190 409 2241; x_wconf 86' lang='lat' dir='ltr'><strong>iste</strong></span> <span class='ocrx_word' id='word_1_165' title='bbox 419 2206 495 2241; x_wconf 83' lang='lat' dir='ltr'><strong>meus</strong></span> <span class='ocrx_word' id='word_1_166' title='bbox 505 2197 598 2255; x_wconf 82' lang='lat' dir='ltr'><strong>stupor</strong></span> <span class='ocrx_word' id='word_1_167' title='bbox 609 2189 649 2239; x_wconf 91' lang='lat' dir='ltr'><strong>nil</strong></span> <span class='ocrx_word' id='word_1_168' title='bbox 659 2189 742 2250; x_wconf 84' lang='lat' dir='ltr'><strong>uidet,</strong></span> <span class='ocrx_word' id='word_1_169' title='bbox 756 2189 824 2239; x_wconf 91' lang='lat' dir='ltr'><strong>nihil</strong></span> <span class='ocrx_word' id='word_1_170' title='bbox 835 2189 919 2248; x_wconf 89' lang='lat' dir='ltr'><strong>eudit,</strong></span> 
     </span>
    </p>

    <p class='ocr_par' dir='ltr' id='par_1_13' title="bbox 281 2253 1035 2383">
     <span class='ocr_line' id='line_1_29' title="bbox 281 2253 1035 2322; baseline -0.004 -15"><span class='ocrx_word' id='word_1_171' title='bbox 281 2255 340 2322; x_wconf 81' lang='lat' dir='ltr'><strong>ipse</strong></span> <span class='ocrx_word' id='word_1_172' title='bbox 351 2254 398 2321; x_wconf 89' lang='lat' dir='ltr'><strong>qui</strong></span> <span class='ocrx_word' id='word_1_173' title='bbox 409 2254 453 2315; x_wconf 81' lang='lat' dir='ltr'><strong>sit,</strong></span> <span class='ocrx_word' id='word_1_174' title='bbox 466 2260 558 2304; x_wconf 90' lang='lat' dir='ltr'><strong>utrum</strong></span> <span class='ocrx_word' id='word_1_175' title='bbox 568 2254 605 2304; x_wconf 86' lang='lat' dir='ltr'><strong>sit</strong></span> <span class='ocrx_word' id='word_1_176' title='bbox 616 2270 651 2304; x_wconf 82' lang='lat' dir='ltr'><strong>ou</strong></span> <span class='ocrx_word' id='word_1_177' title='bbox 662 2270 715 2304; x_wconf 92' lang='lat' dir='ltr'><strong>non</strong></span> <span class='ocrx_word' id='word_1_178' title='bbox 727 2253 771 2314; x_wconf 91' lang='lat' dir='ltr'><strong>sit,</strong></span> <span class='ocrx_word' id='word_1_179' title='bbox 785 2253 813 2303; x_wconf 93' lang='lat' dir='ltr'><strong>id</strong></span> <span class='ocrx_word' id='word_1_180' title='bbox 824 2268 930 2318; x_wconf 90' lang='lat' dir='ltr'><strong>quoque</strong></span> <span class='ocrx_word' id='word_1_181' title='bbox 941 2253 1035 2304; x_wconf 85' lang='lat' dir='ltr'><strong>nescit.</strong></span> 
     </span>
     <span class='ocr_line' id='line_1_30' title="bbox 284 2318 946 2383; baseline -0.008 -12"><span class='ocrx_word' id='word_1_182' title='bbox 284 2335 356 2371; x_wconf 92' lang='lat' dir='ltr'><strong>nunc</strong></span> <span class='ocrx_word' id='word_1_183' title='bbox 367 2335 428 2370; x_wconf 89' lang='lat' dir='ltr'><strong>eum</strong></span> <span class='ocrx_word' id='word_1_184' title='bbox 441 2318 501 2368; x_wconf 87' lang='lat' dir='ltr'><strong>uolo</strong></span> <span class='ocrx_word' id='word_1_185' title='bbox 513 2319 546 2368; x_wconf 90' lang='lat' dir='ltr'><strong>de</strong></span> <span class='ocrx_word' id='word_1_186' title='bbox 558 2322 605 2368; x_wconf 88' lang='lat' dir='ltr'><strong>tuo</strong></span> <span class='ocrx_word' id='word_1_187' title='bbox 617 2323 697 2383; x_wconf 87' lang='lat' dir='ltr'><strong>ponte</strong></span> <span class='ocrx_word' id='word_1_188' title='bbox 708 2318 814 2368; x_wconf 89' lang='lat' dir='ltr'><strong>mittere</strong></span> <span class='ocrx_word' id='word_1_189' title='bbox 826 2333 946 2382; x_wconf 89' lang='lat' dir='ltr'><strong>pronum,</strong></span> 
     </span>
    </p>

    <p class='ocr_par' dir='ltr' id='par_1_14' title="bbox 282 2382 997 2451">
     <span class='ocr_line' id='line_1_31' title="bbox 282 2382 997 2451; baseline -0.003 -15"><span class='ocrx_word' id='word_1_190' title='bbox 282 2384 307 2436; x_wconf 89' lang='lat' dir='ltr'><strong>si</strong></span> <span class='ocrx_word' id='word_1_191' title='bbox 316 2387 379 2451; x_wconf 88' lang='lat' dir='ltr'><strong>pote</strong></span> <span class='ocrx_word' id='word_1_192' title='bbox 390 2382 517 2434; x_wconf 89' lang='lat' dir='ltr'><strong>stolidum</strong></span> <span class='ocrx_word' id='word_1_193' title='bbox 529 2387 638 2448; x_wconf 87' lang='lat' dir='ltr'><strong>repente</strong></span> <span class='ocrx_word' id='word_1_194' title='bbox 649 2383 765 2434; x_wconf 76' lang='lat' dir='ltr'><strong>excitare</strong></span> <span class='ocrx_word' id='word_1_195' title='bbox 776 2385 918 2433; x_wconf 86' lang='lat' dir='ltr'><strong>ueternum</strong></span> <span class='ocrx_word' id='word_1_196' title='bbox 994 2427 997 2434; x_wconf 91' lang='lat'><strong>.</strong></span> 
     </span>
    </p>
   </div>
   <div class='ocr_carea' id='block_1_5' title="bbox 281 2517 1050 2932">
    <p class='ocr_par' dir='ltr' id='par_1_15' title="bbox 281 2517 1050 2932">
     <span class='ocr_line' id='line_1_32' title="bbox 311 2517 1049 2579; baseline 0 -13"><span class='ocrx_word' id='word_1_197' title='bbox 311 2523 341 2566; x_wconf 81' lang='lat'><strong>12</strong></span> <span class='ocrx_word' id='word_1_198' title='bbox 350 2534 421 2579; x_wconf 79' lang='lat' dir='ltr'><strong>quom</strong></span> <span class='ocrx_word' id='word_1_199' title='bbox 430 2520 456 2567; x_wconf 76' lang='lat' dir='ltr'><strong>L.</strong></span> <span class='ocrx_word' id='word_1_200' title='bbox 469 2520 551 2566; x_wconf 89' lang='lat' dir='ltr'><strong>Muell.</strong></span> <span class='ocrx_word' id='word_1_201' title='bbox 564 2535 580 2578; x_wconf 77' lang='lat' dir='ltr'><em>q</em></span> <span class='ocrx_word' id='word_1_202' title='bbox 584 2537 594 2574; x_wconf 88' lang='lat'><strong>‚·</strong></span> <span class='ocrx_word' id='word_1_203' title='bbox 615 2520 646 2576; x_wconf 91' lang='lat' dir='ltr'><strong>V,</strong></span> <span class='ocrx_word' id='word_1_204' title='bbox 659 2522 714 2577; x_wconf 80' lang='lat' dir='ltr'><strong>quei</strong></span> <span class='ocrx_word' id='word_1_205' title='bbox 724 2519 853 2566; x_wconf 81' lang='lat' dir='ltr'><strong>Rossbach.</strong></span> <span class='ocrx_word' id='word_1_206' title='bbox 913 2517 980 2562; x_wconf 83' lang='lat' dir='ltr'>XVII</span> <span class='ocrx_word' id='word_1_207' title='bbox 996 2521 1011 2564; x_wconf 84' lang='lat'>8</span> <span class='ocrx_word' id='word_1_208' title='bbox 1020 2535 1049 2566; x_wconf 84' lang='lat' dir='ltr'><strong>uc</strong></span> 
     </span>
     <span class='ocr_line' id='line_1_33' title="bbox 282 2577 1046 2637; baseline -0.005 -9"><span class='ocrx_word' id='word_1_209' title='bbox 282 2581 355 2628; x_wconf 64' lang='lat' dir='ltr'><strong>sulum</strong></span> <span class='ocrx_word' id='word_1_210' title='bbox 368 2580 400 2637; x_wconf 91' lang='lat' dir='ltr'><strong>V,</strong></span> <span class='ocrx_word' id='word_1_211' title='bbox 411 2580 503 2625; x_wconf 61' lang='lat' dir='ltr'><strong>aculem</strong></span> <span class='ocrx_word' id='word_1_212' title='bbox 520 2579 627 2625; x_wconf 83' lang='lat' dir='ltr'><strong>Schwab.</strong></span> <span class='ocrx_word' id='word_1_213' title='bbox 645 2580 733 2624; x_wconf 80' lang='lat' dir='ltr'><strong>assulis</strong></span> <span class='ocrx_word' id='word_1_214' title='bbox 749 2579 811 2625; x_wconf 82' lang='lat' dir='ltr'><strong>Stet.</strong></span> <span class='ocrx_word' id='word_1_215' title='bbox 829 2577 893 2634; x_wconf 76' lang='lat' dir='ltr'><strong>uuig.</strong></span> <span class='ocrx_word' id='word_1_216' title='bbox 926 2579 1001 2624; x_wconf 77' lang='lat' dir='ltr'><strong>tontis</strong></span> <span class='ocrx_word' id='word_1_217' title='bbox 1015 2579 1046 2636; x_wconf 87' lang='lat' dir='ltr'><strong>V,</strong></span> 
     </span>
     <span class='ocr_line' id='line_1_34' title="bbox 281 2636 1050 2695; baseline -0.004 -10"><span class='ocrx_word' id='word_1_218' title='bbox 281 2654 342 2687; x_wconf 85' lang='lat' dir='ltr'><strong>corr.</strong></span> <span class='ocrx_word' id='word_1_219' title='bbox 355 2638 417 2685; x_wconf 83' lang='lat' dir='ltr'><strong>Stet.</strong></span> <span class='ocrx_word' id='word_1_220' title='bbox 441 2639 470 2681; x_wconf 89' lang='lat'><strong>10</strong></span> <span class='ocrx_word' id='word_1_221' title='bbox 477 2639 608 2694; x_wconf 77' lang='lat' dir='ltr'><strong>pudiceque</strong></span> <span class='ocrx_word' id='word_1_222' title='bbox 620 2637 649 2683; x_wconf 90' lang='lat' dir='ltr'><strong>V.</strong></span> <span class='ocrx_word' id='word_1_223' title='bbox 674 2639 704 2680; x_wconf 77' lang='lat'><strong>14</strong></span> <span class='ocrx_word' id='word_1_224' title='bbox 711 2638 766 2695; x_wconf 79' lang='lat' dir='ltr'><strong>quot</strong></span> <span class='ocrx_word' id='word_1_225' title='bbox 777 2651 831 2683; x_wconf 81' lang='lat' dir='ltr'><strong>cum</strong></span> <span class='ocrx_word' id='word_1_226' title='bbox 842 2636 903 2682; x_wconf 82' lang='lat' dir='ltr'><strong>Scel.</strong></span> <span class='ocrx_word' id='word_1_227' title='bbox 917 2639 957 2682; x_wconf 83' lang='lat' dir='ltr'><strong>cui</strong></span> <span class='ocrx_word' id='word_1_228' title='bbox 971 2639 1050 2682; x_wconf 80' lang='lat' dir='ltr'><strong>iocum</strong></span> 
     </span>
     <span class='ocr_line' id='line_1_35' title="bbox 281 2695 1045 2752; baseline -0.001 -10"><span class='ocrx_word' id='word_1_229' title='bbox 281 2697 313 2744; x_wconf 90' lang='lat' dir='ltr'><strong>V.</strong></span> <span class='ocrx_word' id='word_1_230' title='bbox 345 2698 374 2741; x_wconf 74' lang='grc'><strong>15</strong></span> <span class='ocrx_word' id='word_1_231' title='bbox 389 2701 417 2742; x_wconf 80' lang='lat' dir='ltr'><strong>ut</strong></span> <span class='ocrx_word' id='word_1_232' title='bbox 431 2696 462 2752; x_wconf 83' lang='lat' dir='ltr'><strong>V,</strong></span> <span class='ocrx_word' id='word_1_233' title='bbox 479 2701 512 2742; x_wconf 76' lang='lat' dir='ltr'><strong>est</strong></span> <span class='ocrx_word' id='word_1_234' title='bbox 527 2697 598 2742; x_wconf 75' lang='lat' dir='ltr'><strong>Lech.</strong></span> <span class='ocrx_word' id='word_1_235' title='bbox 630 2697 659 2739; x_wconf 83' lang='lat'><strong>18</strong></span> <span class='ocrx_word' id='word_1_236' title='bbox 674 2709 703 2741; x_wconf 80' lang='lat' dir='ltr'><strong>ce.</strong></span> <span class='ocrx_word' id='word_1_237' title='bbox 735 2709 771 2741; x_wconf 81' lang='lat' dir='ltr'><strong>me</strong></span> <span class='ocrx_word' id='word_1_238' title='bbox 780 2695 811 2741; x_wconf 92' lang='lat' dir='ltr'><strong>V.</strong></span> <span class='ocrx_word' id='word_1_239' title='bbox 843 2696 871 2738; x_wconf 79' lang='lat'><strong>19</strong></span> <span class='ocrx_word' id='word_1_240' title='bbox 886 2701 999 2750; x_wconf 74' lang='lat' dir='ltr'><strong>superato</strong></span> <span class='ocrx_word' id='word_1_241' title='bbox 1015 2697 1045 2742; x_wconf 88' lang='lat' dir='ltr'><strong>V.</strong></span> 
     </span>
     <span class='ocr_line' id='line_1_36' title="bbox 281 2753 1046 2809; baseline -0.001 -8"><span class='ocrx_word' id='word_1_242' title='bbox 281 2757 311 2801; x_wconf 79' lang='lat'><strong>21</strong></span> <span class='ocrx_word' id='word_1_243' title='bbox 326 2757 402 2802; x_wconf 81' lang='lat' dir='ltr'><strong>nichil</strong></span> <span class='ocrx_word' id='word_1_244' title='bbox 412 2769 435 2800; x_wconf 81' lang='lat' dir='ltr'><strong>u.</strong></span> <span class='ocrx_word' id='word_1_245' title='bbox 448 2755 525 2800; x_wconf 78' lang='lat' dir='ltr'><strong>nichil</strong></span> <span class='ocrx_word' id='word_1_246' title='bbox 535 2755 565 2800; x_wconf 92' lang='lat' dir='ltr'><strong>V.</strong></span> <span class='ocrx_word' id='word_1_247' title='bbox 598 2755 626 2797; x_wconf 75' lang='lat'><strong>2³</strong></span> <span class='ocrx_word' id='word_1_248' title='bbox 641 2769 665 2800; x_wconf 79' lang='lat' dir='ltr'><strong>u.</strong></span> <span class='ocrx_word' id='word_1_249' title='bbox 679 2768 732 2799; x_wconf 84' lang='lat' dir='ltr'><strong>cum</strong></span> <span class='ocrx_word' id='word_1_250' title='bbox 741 2755 795 2798; x_wconf 81' lang='lat' dir='ltr'><strong>uoto</strong></span> <span class='ocrx_word' id='word_1_251' title='bbox 805 2753 834 2809; x_wconf 76' lang='lat' dir='ltr'><strong>G,</strong></span> <span class='ocrx_word' id='word_1_252' title='bbox 847 2767 871 2799; x_wconf 77' lang='lat' dir='ltr'><strong>o.</strong></span> <span class='ocrx_word' id='word_1_253' title='bbox 884 2755 938 2799; x_wconf 83' lang='lat' dir='ltr'><strong>uolo</strong></span> <span class='ocrx_word' id='word_1_254' title='bbox 948 2756 1002 2799; x_wconf 83' lang='lat' dir='ltr'><strong>uolo</strong></span> <span class='ocrx_word' id='word_1_255' title='bbox 1017 2754 1046 2801; x_wconf 92' lang='grc' dir='ltr'><strong>Ο.</strong></span> 
     </span>
     <span class='ocr_line' id='line_1_37' title="bbox 281 2811 1049 2871; baseline 0 -13"><span class='ocrx_word' id='word_1_256' title='bbox 281 2816 312 2858; x_wconf 79' lang='lat'><strong>24</strong></span> <span class='ocrx_word' id='word_1_257' title='bbox 328 2827 346 2860; x_wconf 80' lang='lat' dir='ltr'><strong>s.</strong></span> <span class='ocrx_word' id='word_1_258' title='bbox 363 2818 439 2871; x_wconf 75' lang='lat' dir='ltr'><strong>potest</strong></span> <span class='ocrx_word' id='word_1_259' title='bbox 456 2815 548 2859; x_wconf 81' lang='lat' dir='ltr'><strong>otidum</strong></span> <span class='ocrx_word' id='word_1_260' title='bbox 562 2813 593 2858; x_wconf 90' lang='lat' dir='ltr'><strong>V.</strong></span> <span class='ocrx_word' id='word_1_261' title='bbox 630 2813 689 2858; x_wconf 88' lang='lat' dir='ltr'><strong>Post</strong></span> <span class='ocrx_word' id='word_1_262' title='bbox 704 2811 770 2856; x_wconf 84' lang='lat' dir='ltr'><strong>XVII</strong></span> <span class='ocrx_word' id='word_1_263' title='bbox 786 2812 877 2858; x_wconf 78' lang='lat' dir='ltr'><strong>Octulli</strong></span> <span class='ocrx_word' id='word_1_264' title='bbox 891 2811 975 2868; x_wconf 75' lang='lat' dir='ltr'><strong>fragm.</strong></span> <span class='ocrx_word' id='word_1_265' title='bbox 993 2813 1008 2858; x_wconf 83' lang='lat'><strong>2</strong></span> <span class='ocrx_word' id='word_1_266' title='bbox 1023 2815 1049 2858; x_wconf 83' lang='lat' dir='ltr'><strong>et</strong></span> 
     </span>
     <span class='ocr_line' id='line_1_38' title="bbox 281 2870 999 2932; baseline -0.006 -12"><span class='ocrx_word' id='word_1_267' title='bbox 281 2873 438 2932; x_wconf 74' lang='lat' dir='ltr'><strong>Priapeorum</strong></span> <span class='ocrx_word' id='word_1_268' title='bbox 447 2871 476 2918; x_wconf 89' lang='lat'><strong>84</strong></span> <span class='ocrx_word' id='word_1_269' title='bbox 486 2875 512 2918; x_wconf 87' lang='lat' dir='ltr'><strong>et</strong></span> <span class='ocrx_word' id='word_1_270' title='bbox 521 2872 550 2918; x_wconf 87' lang='lat'><strong>85</strong></span> <span class='ocrx_word' id='word_1_271' title='bbox 560 2871 618 2918; x_wconf 89' lang='lat' dir='ltr'><strong>olim</strong></span> <span class='ocrx_word' id='word_1_272' title='bbox 628 2871 712 2917; x_wconf 86' lang='lat' dir='ltr'><strong>inuitis</strong></span> <span class='ocrx_word' id='word_1_273' title='bbox 723 2871 842 2918; x_wconf 79' lang='lat' dir='ltr'><strong>codicibus</strong></span> <span class='ocrx_word' id='word_1_274' title='bbox 852 2870 999 2928; x_wconf 76' lang='lat' dir='ltr'><strong>legebantur.</strong></span> 
     </span>
    </p>
   </div>
   <div class='ocr_carea' id='block_1_6' title="bbox 0 0 1224 3440">
    <p class='ocr_par' dir='ltr' id='par_1_16' title="bbox 0 0 1224 3440">
     <span class='ocr_line' id='line_1_39' title="bbox 0 0 1224 3440; baseline 0 1"><span class='ocrx_word' id='word_1_275' title='bbox 0 0 1224 3440; x_wconf 95' lang='lat' dir='ltr'><strong> </strong></span> 
     </span>
    </p>
   </div>
  </div>
 </body>
</html>
