2438 3440
287 286 316 337 vi
561 279 778 352 PRAEFATIO

289 411 366 448 suam
380 393 493 446 alteram
509 388 616 443 summa
631 405 695 442 cura
712 393 740 440 et
758 387 899 454 diligentia
915 404 1048 456 compara·

287 474 372 524 uerat.
406 469 533 524 lectiones
545 467 704 520 Oxoniensis
716 466 758 529 (O)
770 469 798 518 et
814 465 1049 532 sangermanensis

289 549 333 612 (G)
355 549 515 607 constanter,
536 548 683 596 ceterorum
700 543 747 610 qui
771 543 862 594 ‘boni’
879 543 1050 609 appellantur

287 625 373 677 rarius
380 621 516 690 atqueubi
524 637 590 688 opus
597 619 828 672 uidereturattuli.
847 618 1050 672 sedneillorum

289 701 397 769 quidem
406 698 567 752 uarietatem
577 701 664 748 totam
679 696 798 748 exhibui.
832 695 913 747 immo
926 696 1050 761 uulgata·

288 775 562 843 rumoorruptelarum
573 773 696 839 exempla
706 776 814 824 tantum
825 788 857 824 ea
867 773 970 839 sumpsi
979 771 1051 844 unde

288 853 439 920 legentibus
447 854 575 918 appareat
583 854 648 916 quot
655 849 804 916 quibusque
812 848 897 900 modis
906 849 934 899 in
944 847 1052 901 Catullo

289 946 307 982 a
320 929 435 982 librariis
449 931 589 996 peccatum
603 926 646 978 sit.
681 929 782 978 ceteras
797 942 866 992 quae
879 930 928 978 aut
941 926 1052 977 rariores

289 1010 387 1068 essent,
402 1009 465 1072 (quo
475 1005 509 1056 de
525 1019 621 1070 genere
636 1006 701 1054 sunt
716 1003 799 1054 uerba
809 1019 956 1069 uersosque
966 1007 1051 1054 trans-

289 1083 378 1149 posita
398 1081 497 1133 omissa
517 1079 625 1140 inlata)
647 1082 696 1129 aut
721 1078 756 1129 ad
780 1078 912 1138 rationem
932 1079 1053 1130 codicum

289 1159 399 1226 grauim
419 1157 590 1224 pertinerent,
610 1155 752 1220 diligenter
773 1155 907 1221 exscripsi.
950 1155 980 1206 in
998 1171 1053 1206 uno

290 1235 407 1288 carmine
417 1246 488 1296 uxn,
501 1232 563 1284 libri
574 1231 714 1283 Thuanaei
725 1231 768 1294 (T)
778 1232 934 1283 auctoritati
944 1236 1053 1283 tantum

291 1308 915 1375 conoessiutneminimaquidemibiomitterem.
927 1309 1054 1361 eademin

291 1389 409 1440 uirorum
417 1387 554 1438 doctorum
562 1385 720 1436 coniecturis
729 1383 772 1435 usi
781 1401 873 1436 sumus
881 1385 1051 1451 parsimonia.

290 1465 387 1517 harum
395 1479 464 1530 quae
472 1465 521 1515 aut
531 1477 549 1514 a
556 1461 677 1513 codicum
688 1460 809 1528 uestigiis
817 1461 922 1527 longius
930 1461 1055 1514 abessent

291 1546 341 1594 aut
362 1539 402 1592 rei
427 1539 516 1591 minus
543 1541 718 1604 congruerent
745 1541 794 1588 aut
820 1537 904 1589 etiam
924 1554 942 1589 a
964 1538 1055 1590 Latini

292 1616 420 1670 sunnonis
439 1613 631 1667 consuetudine
653 1613 832 1676 abhorrerent,
854 1614 960 1665 silentio
981 1630 1055 1681 prae·

292 1693 439 1746 teriuimus.
459 1691 567 1742 nomina
574 1706 707 1756 nusquam
714 1690 799 1742 secuti
806 1706 906 1742 eumue.
925 1691 1056 1758 principes

292 1771 346 1824 uiri
367 1770 447 1832 enim,
470 1772 502 1820 ut
527 1767 601 1830 alibi,
625 1768 666 1819 ita
691 1767 720 1818 in
747 1783 775 1819 re
803 1767 895 1819 critica
922 1768 1057 1820 interdum

293 1848 433 1908 falluntur,
443 1850 525 1912 atque
534 1843 680 1910 aliquando
688 1843 838 1895 audiendus
847 1848 888 1895 est
897 1845 979 1896 etiam
987 1845 1057 1896 inter

293 1940 367 1990 reges
379 1923 521 1974 Thersites.
556 1921 585 1972 in
595 1921 698 1971 incerta
708 1925 736 1972 r'e
747 1920 844 1986 plures,
858 1920 922 1971 dum
932 1922 1011 1973 modo
1022 1922 1058 1973 ad

294 2001 351 2052 ueri
368 1998 571 2050 similitudinem
587 1997 750 2058 accederent,
767 1997 796 2047 in
812 1997 953 2063 desperata
967 2002 1058 2050 autem

294 2081 383 2132 nullae
392 2079 448 2131 fere
456 2078 721 2130 commemorauimue
730 2076 901 2129 coniectmae.
923 2078 952 2129 in
962 2077 1058 2130 harum

294 2156 544 2209 commemoratione
560 2157 693 2220 quantum
709 2153 738 2204 in
757 2157 835 2204 tanta
851 2154 1059 2206 coniectantium

294 2232 468 2284 multitudine
479 2231 536 2282 fieri
546 2231 644 2297 potuit,
657 2246 760 2296 semper
774 2229 895 2281 cauimus
910 2247 944 2281 ne
955 2231 999 2282 oui
1009 2233 1059 2282 aut

294 2325 345 2361 sua
353 2309 513 2372 denegemus
525 2309 573 2357 aut
584 2307 673 2357 aliena
684 2306 841 2356 tribuamus.
865 2322 959 2357 uerum
970 2307 999 2358 in
1009 2307 1059 2358 boc

296 2388 444 2452 generant
457 2383 545 2434 dicam
559 2383 631 2448 quod
646 2382 741 2443 sentio,
754 2381 864 2447 quidam
874 2383 965 2448 paullo
976 2399 1059 2434 moro·

295 2462 376 2514 siores
392 2459 459 2511 mihi
479 2458 614 2520 uidentur,
639 2463 672 2509 ut
695 2459 807 2509 fortasse
829 2473 878 2524 ego
899 2458 953 2509 illis
971 2459 1059 2524 negle-

296 2537 409 2604 gentior,
422 2535 470 2602 qui
483 2551 544 2587 eum
561 2535 667 2587 credam
682 2535 818 2585 hominem
835 2550 892 2585 cese
903 2538 931 2586 et
941 2535 1061 2587 humana

296 2615 412 2680 cogitare
421 2613 475 2680 qui,
488 2612 545 2664 suis
560 2627 721 2678 suorumque
736 2610 832 2662 studiis
843 2627 890 2676 pro
901 2611 974 2662 uirili
984 2616 1061 2678 parte

296 2691 442 2751 satisfacto,
460 2690 494 2741 de
512 2688 586 2740 tuma
605 2692 688 2754 atque
709 2687 911 2739 immortalitate
933 2688 1061 2740 Manibus

297 2771 379 2832 atque
390 2767 500 2817 umbrae
511 2781 576 2817 suae
587 2764 735 2816 uidendum
745 2764 891 2829 permittat.

329 2843 450 2909 Longum
477 2845 519 2893 est
549 2855 641 2892 omnes
672 2855 827 2892 enumerare
857 2840 905 2907 qui
932 2841 1001 2893 bene
1027 2839 1061 2892 de
