2438 3440
271 243 287 292 8
462 237 488 290 0.
518 236 662 290 VALERI
684 233 849 288 CATVLLI

632 419 675 472 XI

272 511 337 564 Fun'
347 515 376 563 et
387 510 490 572 Aureli,
503 509 613 561 comites
626 509 736 570 Catulli,

272 577 330 629 siue
341 576 369 627 in
381 580 513 627 extremos
524 575 675 640 penetrabit
686 575 777 637 Indos,

272 641 337 694 litus
349 644 381 692 ut
391 640 469 716 longe
480 643 621 691 resonante
632 639 690 690 an

368 705 492 756 tundrtur
502 704 584 765 unda,

272 770 331 822 siue
342 769 371 820 in
382 769 521 835 Hyrcanos
534 767 671 819 Arabesue
682 765 786 830 molles,

273 851 320 886 seu
332 834 416 900 Sages
427 833 623 899 sagittiferosuo
635 831 756 892 Parthos,

273 899 332 950 siue
343 914 412 964 quae
423 897 648 1012 septempemiuus
659 896 759 948 oolorat

368 979 484 1028 aequora
495 961 530 1012 Ni
543 978 583 1023 us,

273 1028 331 1079 siue
342 1031 416 1078 trans
428 1027 497 1078 altas
508 1026 646 1092 gradietur
656 1024 749 1090 Alpes,

274 1092 395 1144 Caesaris
407 1091 497 1142 uisens
508 1090 673 1141 monimenta
683 1087 784 1154 magni,
1010 1101 1040 1138 10

274 1157 408 1208 Gallicum
419 1155 552 1215 Rhenum,
565 1153 690 1204 horribile
701 1168 804 1219 aequor
810 1151 873 1206 ulti·

368 1236 479 1285 mosque
491 1220 641 1279 Britannos,

274 1285 364 1336 omnia
374 1285 448 1345 haee,
459 1299 642 1350 quaeonmque
653 1282 721 1333 feret
730 1279 858 1333 uoluntas

273 1349 409 1410 caelitum,
422 1352 553 1414 temptare
564 1347 644 1398 simul
674 1346 751 1409 arati,

273 1429 360 1480 pauoa
371 1413 495 1464 nuntiate
506 1428 582 1464 meae
592 1363 698 1477 puellae

369 1493 423 1528 non
434 1477 504 1528 bone
515 1476 602 1527 diota:

274 1559 335 1593 oum
347 1541 402 1593 suis
414 1541 491 1593 uiuat
503 1541 647 1606 ualeatque
657 1538 783 1601 moechis,

273 1623 341 1673 quos
352 1605 433 1657 simul
443 1605 572 1671 conplexa
583 1608 657 1655 tenet
668 1607 808 1665 trecentos,

273 1671 379 1722 nullum
390 1686 484 1722 amans
497 1685 566 1731 uero,
579 1669 626 1720 sed
637 1668 785 1720 identidem
796 1667 915 1719 omnium

369 1735 417 1786 ilia
428 1750 569 1800 rumpens:
1009 1744 1041 1782 20

274 1816 323 1851 neo
334 1816 425 1850 meum
435 1801 574 1864 respectet,
587 1801 619 1848 ut
630 1800 701 1858 ante,
715 1812 841 1859 amorem,

274 1864 322 1930 qui
332 1864 406 1915 illius
416 1863 496 1929 eulpa
506 1861 602 1914 cecidit
614 1862 690 1912 uelut
700 1861 771 1926 prati

273 1929 364 1980 ultimi
375 1928 431 1989 flos,
445 1930 641 1994 praetereunte
652 1929 795 1992 postquam

369 1997 460 2044 taetus
469 1995 592 2044 aratrost.

632 2127 690 2179 XII

274 2215 428 2268 Marrucine
439 2214 527 2276 Asini,
541 2231 624 2267 manu
635 2214 744 2266 sinistra

273 2297 328 2333 non
339 2280 410 2332 belle
420 2280 504 2331 uteris
515 2280 544 2330 in
555 2280 613 2330 ioco
623 2284 705 2345 atque
716 2279 796 2333 uinor

274 2345 348 2398 tollis
359 2345 445 2396 lintea
456 2344 693 2410 neglegentiorem.

561 2447 743 2458 ..—-.—

302 2505 551 2561 nemeaeum,
569 2503 766 2563 arotaraqaeG.
798 2505 847 2551 δε.
863 2505 939 2564 &aar
953 2506 1039 2554 Baehr.

273 2580 292 2613 a
310 2565 383 2614 Saros
397 2565 462 2621 uulg.
480 2566 531 2610 aiae
551 2577 625 2620 sapae
644 2563 675 2609 V.
707 2565 784 2621 ique
798 2563 863 2621 uulg.
891 2566 919 2608 11
929 2566 1043 2612 amabile

273 2638 362 2682 aequor
377 2625 470 2681 Haupt,
486 2623 657 2678 horribilesque
669 2619 702 2678 V,
716 2622 744 2668 G.
761 2623 807 2668 th.
825 2623 962 2670 amatium
976 2626 1043 2682 aequi

274 2683 335 2729 ooni.
348 2683 480 2728 Housman.
512 2682 541 2725 12
551 2682 692 2736 attimoaque
703 2681 731 2726 0.
763 2683 892 2727 retentare
902 2682 931 2730 G.
963 2684 1042 2728 iderti

274 2741 305 2787 V.
366 2739 411 2784 ΧΠ
427 2739 587 2785 Interuallum
600 2739 626 2784 in
637 2739 667 2784 V.
699 2740 713 2782 1
728 2740 867 2788 Mareotae
877 2739 908 2788 V.
939 2741 1042 2799 amnte-

272 2800 410 2858 pemiorura
421 2799 450 2856 O,
462 2799 658 2856 moderatiorem
668 2797 697 2844 G.
