2428 3448
285 283 319 335 er
479 281 506 336 o.
535 281 678 338 ursam
700 282 865 337 aarum

285 364 908 508 &immam
1035 404 1051 460 ς

317 473 352 523 pa
373 456 478 508 idulum
489 473 602 508 manans
613 456 701 507 adluit
712 473 749 507 un
769 473 786 508 a
796 456 901 522 pedem,

285 521 366 573 Troia
377 521 497 572 Rhoeteo
508 537 589 597 quem
598 520 692 572 subter
701 520 780 572 litore
790 521 872 573 tellus

317 590 439 653 ereptum
448 589 547 637 nostris
558 584 656 637 obterit
666 601 701 636 ex
711 585 803 638 oculis.

657 667 671 698 t

210 702 214 712 ¹
285 714 434 782 [adloquar,
446 713 557 767 audiero
566 729 715 780 numquam
726 717 776 766 tua
791 752 798 766 .
817 753 824 767 .
843 715 1019 781 loquentem]

317 795 465 846 numquam
476 795 525 845 ego
536 782 572 841 te,
586 778 645 829 uita
655 778 739 830 frater
748 779 897 842 amabilior,
1020 794 1050 830 ro

284 844 414 911 aspiciam
424 843 542 910 posthac
575 847 605 894 at
615 846 686 894 certe
698 859 802 910 semper
811 844 916 906 amabo,

316 925 420 975 semper
430 912 534 960 maesta
544 911 594 958 tua
604 907 724 959 carmina
734 913 819 959 morte
830 924 936 970 cauam,

284 973 377 1040 qualia
388 973 439 1024 sub
450 971 539 1024 densis
551 988 685 1023 ramorum
696 973 813 1039 concinit
823 972 925 1024 umbris

316 1037 431 1088 Daulias
441 1036 575 1102 absumpti
585 1036 644 1088 fata
654 1052 764 1102 gemens
775 1037 866 1103 Itylei)
877 1067 910 1076 -

283 1101 332 1153 sed
342 1105 435 1154 tamen
444 1102 474 1153 in
484 1101 569 1152 tentis
580 1101 753 1162 maeroribus,
765 1101 887 1163 Hortalo,
901 1100 982 1152 mitto
1020 1111 1048 1166 15

316 1166 383 1218 haee
393 1181 519 1232 expressa
530 1165 581 1216 tibi
591 1166 711 1218 cannina
721 1166 873 1227 Battiadae,

283 1246 318 1282 ne
328 1234 378 1282 tua
389 1230 462 1282 dicta
472 1230 549 1296 uagis
561 1229 726 1297 nequiquam
737 1231 839 1282 credita
849 1229 941 1282 uentis

316 1294 450 1346 effluxisse
461 1310 521 1345 meo
531 1294 600 1345 forte
606 1299 690 1370 putes
702 1295 800 1358 animo,

283 1362 315 1410 ut
326 1359 437 1410 missum
448 1359 538 1425 sponsi
548 1359 650 1410 turtluo
660 1375 770 1410 munere
780 1357 882 1412 malum

315 1422 445 1489 procurrit
457 1427 531 1474 casto
541 1422 680 1489 uirginise
691 1423 800 1490 gremio,
1017 1436 1050 1472 20

283 1487 355 1554 quod
365 1487 478 1538 miserae
490 1487 589 1539 oblitae
600 1487 676 1538 molli
686 1488 737 1539 sub
747 1492 823 1540 ueste
834 1487 960 1550 locatum,

315 1552 381 1603 dum
392 1551 513 1603 aduentu
524 1551 619 1603 matris
631 1552 743 1619 prosilit,
757 1552 908 1604 excutitur:

282 1619 366 1733 atflue
376 1615 445 1668 illud
455 1632 538 1682 prono
548 1632 673 1692 praeceps
685 1616 775 1682 agitur
786 1617 909 1679 decursu,

333 1680 377 1733 uic
387 1685 481 1734 manat
493 1679 566 1734 tristi
576 1681 697 1733 conscius
708 1697 753 1733 ore
764 1681 850 1733 rubor.

617 1888 707 1940 uxvr
845 1863 987 1988 dupio*
1011 1881 1100 1924 mm

282 1975 381 2030 Omnia
391 1975 439 2043 qui
448 1975 541 2042 magni
551 1976 668 2042 dispexit
680 1976 784 2028 lumina
793 1976 896 2038 mundi,

314 2040 362 2107 qui
372 2040 510 2092 stellarum
523 2045 596 2092 ortus
607 2041 735 2117 comperit
747 2045 829 2107 atque
840 2040 938 2104 obitus,

281 2104 421 2157 flammeus
432 2109 464 2156 ut
474 2105 560 2171 rapidi
572 2105 635 2156 solis
646 2110 718 2156 mtor
730 2106 893 2168 obscuretur,

313 2173 345 2220 ut
356 2169 453 2222 cedant
463 2169 542 2222 certis
553 2169 641 2221 sidera
652 2169 823 2246 temporibus,
1020 2207 1021 2212 =

281 2236 313 2285 ut
323 2233 444 2285 Triuiam
454 2233 548 2284 furtim
560 2233 611 2285 sub
621 2234 730 2286 Latmra
740 2249 807 2286 saxa
817 2233 939 2300 relegans
1031 2243 1046 2299 5

313 2297 398 2349 dulcis
410 2314 485 2348 amor
495 2298 684 2364 gmodeuocet
698 2299 778 2360 aerio,

280 2361 352 2414 idem
362 2378 405 2413 me
416 2362 462 2413 ille
474 2363 566 2414 Conon
578 2362 687 2414 caelesti
700 2363 729 2413 in
740 2362 842 2414 lumine
853 2361 924 2413 uidit

312 2442 328 2478 e
339 2426 482 2477 Beronicao
493 2426 593 2478 uertice
606 2427 752 2478 caesariem

279 2490 428 2558 fulgentem
440 2491 518 2554 clare,
532 2507 614 2558 quam
626 2491 729 2544 cunctis
740 2490 789 2543 illa
799 2490 909 2543 deorum

308 2669 399 2716 tdeeat
405 2667 431 2714 in
437 2668 461 2714 V
469 2668 554 2716 stallis
560 2668 644 2715 multis
652 2668 720 2715 codd.
730 2668 804 2715 habet
811 2669 835 2715 D
842 2682 897 2716 oum
903 2665 1047 2728 quibusdam

279 2727 340 2776 aliis.
364 2727 697 2784 rammapamuoomo.
728 2726 822 2772 lxviii
847 2725 1044 2784 uro=ppro(a)‚

277 2800 347 2844 poero
362 2785 433 2842 Sosi,
451 2787 569 2842 quoue-o
583 2786 614 2832 V.
646 2788 660 2831 'l
675 2787 703 2832 in
718 2786 810 2832 lumine
824 2742 903 2843 Voss,
917 2787 946 2832 lo
961 2785 1045 2832 limine

279 2844 482 2902 Bachr.,ouminc
489 2844 519 2890 V.
545 2845 658 2891 icuoctir
665 2843 757 2904 Haupt,
766 2845 850 2892 multis
857 2845 888 2892 V.
905 2843 1043 2892 deorumV.
