2428 3448
282 287 459 341 CARMINA
484 287 688 339 LXVII-LX
692 287 766 340 VIII
876 292 907 345 67

170 399 242 467 quod
252 402 342 466 posset
354 415 448 450 zonam
459 398 563 449 soluere
573 398 742 460 uirgineam!

138 465 275 542 egregium
285 479 378 515 narras
389 464 458 514 mira
468 463 570 538 pietate
578 469 728 540 parentem,

170 547 218 596 qur
229 530 287 596 ipse
297 529 341 580 sui
351 528 428 594 gnati
439 528 566 578 mrnxerit
576 544 605 578 m
616 529 755 594 gremium.
877 545 909 595 30

140 593 234 660 ‘atqui
243 609 297 644 non
306 593 393 644 solum
404 593 453 642 hoc
465 592 530 642 dicit
541 608 570 643 sc
581 593 719 658 cognitum
729 593 828 646 habere

174 658 268 710 Brixia
277 657 411 716 †chineac
421 657 560 722 supposita
571 657 703 722 speculae,

139 724 224 776 flauos
236 739 318 798 quam
329 721 406 772 molli
416 721 546 787 percurrit
556 721 667 772 flumine
678 721 772 785 Malla,

182 788 276 838 Brixia
286 787 409 838 Veronae
420 792 507 836 mater
517 789 610 836 amata
620 802 697 838 meac
707 806 714 847 3

139 852 187 904 sed
201 852 235 903 de
246 851 385 903 Postumio
396 855 423 902 et
436 851 542 902 Comeli
553 855 645 901 narrat
655 867 754 912 amore,
877 863 908 916 35

172 933 234 980 cum
262 916 343 966 uibus
354 915 403 966 illa
413 915 517 966 malum
527 915 592 965 fecit
602 915 785 966 adulterium)

140 981 239 1032 dixerit
271 981 294 1031 'c
304 979 421 1046 aliquis:
439 979 522 1055 quid?
537 983 570 1030 tu
580 979 672 1041 istaec,
684 980 776 1042 ianua,
789 979 879 1032 nosti?

172 1046 217 1096 cni
227 1061 376 1111 numquam
387 1043 489 1094 dommi
500 1043 592 1094 limine
603 1045 697 1096 abesse
707 1045 779 1107 licet,

141 1126 191 1162 nec
203 1109 333 1176 populum
344 1108 506 1170 auscultare,
519 1108 622 1160 sedhic
633 1109 731 1160 suffixa
741 1109 830 1176 tigillo

174 1179 283 1226 tantum
294 1174 395 1239 operire
407 1173 476 1224 soles
487 1177 537 1224 aut
547 1173 649 1239 aperire
661 1173 787 1224 domum?
878 1189 912 1237 40

143 1243 151 1268 ‘
160 1255 206 1290 sae
252 1238 329 1289 illam
339 1237 434 1288 audiui
444 1237 548 1289 furtiua
558 1254 625 1289 uoce
635 1238 791 1314 loquentem

173 1319 203 1355 so
214 1320 260 1354 am
273 1319 335 1354 cum
345 1302 451 1354 ancillis
462 1302 529 1353 hacc
539 1319 590 1354 sua
600 1302 713 1368 flagitia,

141 1367 249 1420 nomina
262 1367 396 1419 dicentem
406 1383 474 1433 quos
483 1367 610 1429 diximus,
622 1371 727 1434 utpote
738 1383 808 1434 qnae
819 1368 858 1420 mi

174 1435 294 1498 speraret
306 1448 356 1483 nac
367 1432 489 1498 linguam
500 1447 558 1483 essa
568 1447 618 1483 nec
628 1432 785 1484 auriculam.

142 1501 280 1564 praeterea
292 1496 411 1548 addebat
422 1496 566 1562 quendam,
579 1513 659 1563 quem
670 1497 758 1548 dicere
768 1497 830 1548 nolo
879 1509 911 1563 45

175 1561 291 1622 nominc,
307 1577 341 1612 ne
353 1561 432 1612 tollat
443 1561 524 1612 rubra
534 1577 567 1612 su
600 1561 683 1612 rcilia.

142 1627 238 1692 longus
251 1625 365 1686 homost,
379 1641 492 1690 magnas
503 1625 566 1692 quoi
589 1625 639 1676 ‘tes
650 1625 745 1677 intulit
755 1625 821 1678 olim

174 1690 275 1742 falsum
285 1690 410 1742 mendaci
420 1693 515 1741 uentre
526 1689 715 1756 puerperium)

464 1865 586 1918 LXVIII

143 1955 223 2020 Quod
234 1955 302 2006 mihi
311 1954 421 2006 fortuna
431 1971 550 2022 casuque
561 1971 702 2032 oppressus
714 1955 810 2008 acerbo

175 2021 354 2086 conscriptum
365 2020 415 2070 hoc
425 2019 543 2070 lacrimis
554 2020 641 2072 m1ttis
652 2020 814 2086 epistolium,

142 2085 304 2151 naufragum
315 2089 347 2135 ut
358 2085 473 2135 eiectum
484 2101 497 2135 s
515 2085 673 2136 amantibus
681 2085 805 2151 aequoris
816 2085 896 2137 undis

177 2149 317 2201 subleuem
328 2153 355 2200 et
366 2165 384 2200 a
394 2149 488 2200 mortis
512 2149 518 2160 '
550 2149 556 2160 ”
578 2150 755 2211 erestitnnm,

144 2230 225 2280 quem
236 2229 323 2280 neque
335 2217 429 2264 sancta
440 2213 533 2265 Venus
543 2213 620 2264 molli
630 2214 794 2280 requiescere
805 2230 899 2266 somno

177 2279 351 2330 desertumin
363 2277 433 2328 lecto
444 2278 546 2329 caelibe
556 2279 712 2344 perpetitur,
897 2282 914 2330 6

143 2359 193 2394 nec
203 2346 327 2394 ueterum
338 2342 412 2393 dulci
422 2343 581 2408 scriptorum
590 2343 709 2394 carmine
720 2343 818 2396 Musae

177 2407 321 2468 oblectant,
335 2423 397 2458 cum
408 2423 483 2458 mens
494 2408 577 2458 anxia
588 2407 740 2472 peruigilat,

144 2472 173 2524 id
181 2475 315 2538 gratumst
326 2471 401 2533 mihi,
415 2488 458 2522 me
469 2472 597 2538 quoniam
608 2473 659 2522 tibi
671 2473 737 2524 dicis
748 2473 873 2535 amicum,

173 2629 203 2672 81
218 2628 260 2674 hcc
275 2642 322 2674 orn.
341 2628 370 2685 G,
384 2642 409 2674 sc
423 2629 483 2675 drssct't
497 2628 573 2686 aliqui
588 2629 666 2686 codd,
679 2629 733 2677 edd
765 2631 794 2675 ³2
811 2629 916 2688 Οῃωιεαε

145 2689 269 2744 supposita
284 2689 391 2744 speculae
405 2687 489 2746 Vulp,
507 2689 594 2734 chinea
609 2691 758 2746 suppositam
773 2692 867 2747 specum
881 2691 913 2738 V.

145 2747 174 2789 8³
180 2748 320 2803 praecurrit
328 2747 428 2803 Auunt,
441 2747 490 2792 alii.
503 2747 577 2793 Mello
583 2745 615 2803 V,
627 2748 715 2794 Bachr.
747 2749 776 2792 ³4
786 2753 841 2795 tace
851 2749 913 2796 Scal.

145 2802 412 2908 dipel-nosti?uulg.
444 2807 488 2851 istc
498 2805 529 2851 V.
561 2806 679 2854 SthecV.
709 2807 823 2865 ssspcrct
831 2808 862 2855 V.
886 2809 915 2853 46
