2428 3448
269 254 300 308 72
461 252 487 305 0.
517 252 664 305 VALERI
683 252 848 314 OATVLLI,

332 381 447 480 geguam
457 379 527 430 quae
538 364 680 429 praecipue
690 363 861 415 multiuolast
872 361 974 414 mulier.

391 432 423 480 tu
433 429 529 479 horum
540 444 651 494 magnos
663 428 754 479 uicisti
765 428 824 479 sola
834 428 942 488 furores,

271 508 317 560 130
366 497 399 544 ut
410 493 492 544 semel
503 509 531 544 es
543 493 615 544 flauo
626 493 770 544 conciliata
780 493 847 544 uiro.
1002 506 1036 555 90

332 562 382 611 aut
392 557 461 608 nihil
471 561 521 610 aut
531 557 613 623 paulo
624 557 688 624 quoi
698 561 757 608 tum
768 557 908 609 concedere
920 555 1003 621 digna

363 623 413 674 lux
424 637 485 673 mea
495 638 524 674 se
535 626 657 673 nostrum
668 621 784 673 contulit
794 622 823 673 in
834 619 972 688 gremium,

332 704 416 756 quam
426 687 636 738 circumcursans
647 686 711 737 hinc
721 685 796 737 illinc
808 701 886 752 saepe
898 684 1002 750 Cupido

363 751 486 818 fulgebat
496 751 601 802 crocina
612 750 742 802 candidus
753 750 783 802 in
793 751 892 802 tunica.

271 829 316 883 135
333 832 404 884 quae
414 821 506 868 tamen
517 815 569 868 etsi
579 831 634 866 uno
645 831 699 866 non
710 819 751 866 est
762 820 888 866 contenta
899 813 1016 874 Catulle,

364 897 425 932 rara
435 880 603 931 uerecundae
614 879 688 930 furta
698 880 814 931 feremus
825 895 894 940 erae,
1002 881 1035 942 96

332 961 367 998 ne
377 945 492 996 nimium
502 945 586 996 simus
597 944 742 995 stultorum
753 961 826 995 more
836 943 949 996 molesti.
967 997 974 1014 .

365 1026 444 1076 saepe
456 1009 539 1060 etiam
551 1009 628 1070 Iuno,
641 1009 762 1060 maxima
773 1007 936 1069 caelicolum,

333 1075 454 1141 coniugis
464 1074 494 1124 in
505 1073 584 1149 culpa
594 1073 755 1139 flagrantem
764 1072 905 1140 concoquit
914 1073 991 1134 iram,

272 1155 317 1203 140
366 1155 477 1190 noscens
487 1138 617 1189 omnruoli
628 1138 743 1203 plurima
753 1137 827 1190 furta
839 1137 918 1188 Iouis.
989 1152 1036 1188 roo

333 1205 429 1280 atquei
438 1219 487 1255 nec
498 1203 570 1254 diuis
581 1203 702 1254 homines
715 1203 858 1268 conponier
868 1208 1016 1268 aequomst,

366 1271 512 1334 (ingratum
522 1267 633 1318 tremuli
644 1267 709 1318 tolle
721 1267 840 1334 parentis
852 1271 937 1333 opus),

333 1347 383 1384 nec
393 1336 485 1383 tamen
495 1331 545 1382 illa
555 1331 623 1382 mihi
636 1331 732 1383 dextra
743 1332 859 1383 deducta
870 1335 981 1398 paterna

364 1397 529 1462 fragrantem
542 1397 654 1462 Assyrio
665 1397 742 1448 uenit
753 1397 833 1448 odore
844 1397 960 1458 domum,

272 1473 316 1526 145
334 1461 382 1513 sed
392 1461 495 1512 furtiua
506 1461 581 1512 dedit
594 1461 663 1512 mira
674 1461 834 1512 munusculo
845 1465 938 1522 noete,
989 1471 1034 1525 105

365 1525 450 1592 ipsius
462 1541 496 1576 ex
508 1525 565 1591 ipso
577 1525 687 1591 dempta
698 1527 752 1576 uiri
762 1525 870 1592 gremio.

334 1606 417 1656 quare
427 1589 497 1641 illud
508 1589 575 1640 satis
587 1594 637 1650 est,
652 1590 676 1641 si
686 1590 763 1641 nobis
774 1591 798 1641 is
809 1590 891 1640 datur
900 1589 970 1651 nnis,

332 1719 351 1770 h
365 1670 446 1770 quterffi
456 1655 546 1770 laldde
557 1654 688 1770 5¹2³.less
699 1655 851 1772 cssndidiore
862 1658 946 1730 notat.

353 1735 383 1771 oc
406 1736 445 1770 11
473 1736 492 1770 u
586 1734 1015 1771 mconecumcarmrnemunus

273 1797 318 1850 150
368 1800 415 1850 pro
425 1736 528 1845 mdltis,
539 1736 609 1844 lolli,
621 1784 743 1835 redditur
753 1783 854 1845 officiis,
991 1797 1038 1834 110

333 1864 368 1900 ne
378 1853 500 1900 uostrum
512 1849 605 1900 scabra
616 1852 712 1915 tangat
723 1848 846 1924 rubigine
859 1863 957 1900 nomen

364 1913 431 1964 haec
443 1918 525 1979 atque
536 1913 585 1964 illa
597 1913 654 1964 dies
665 1917 748 1978 atque
759 1912 814 1963 alra
826 1916 908 1980 atque
919 1912 981 1963 alia.

334 1978 387 2030 huc
402 1977 504 2093 adtfflt
521 1977 580 2029 diui
598 1993 681 2044 quam
698 1977 822 2043 plurima,
841 1993 911 2043 quae
929 1975 1038 2027 Themis

430 2058 446 2092 o

366 2106 486 2172 antiquis
499 2106 605 2158 solitast
616 2123 728 2157 munera
738 2106 807 2156 ferre
817 2105 869 2182 piis
879 2127 885 2158 ι

273 2182 316 2237 155
335 2170 410 2222 scitis
421 2171 512 2222 felices
524 2175 595 2222 etto
606 2171 686 2222 simul
698 2175 726 2222 et
737 2175 786 2222 tua
797 2175 857 2221 urta
993 2180 1039 2234 115

364 2239 393 2287 et
400 2235 496 2286 domus
506 2237 559 2288 clla
569 2235 598 2287 in
609 2251 665 2302 qua
675 2235 789 2287 lusimus
800 2240 829 2286 ct
840 2234 957 2295 domina,

298 2398 518 2457 asmwmtqumuV,
527 2413 587 2445 corr.
595 2399 666 2445 Voss.
688 2398 848 2444 moricum
856 2396 885 2454 0,
895 2397 1040 2455 quotidiam

270 2459 300 2514 G,
312 2459 416 2504 conticet
425 2459 490 2503 iram
500 2457 638 2514 Santonius‚
650 2458 772 2514 concoquit
782 2459 798 2502 i.
812 2456 893 2510 lach..
906 2457 1014 2502 cmttndt't
1019 2458 1037 2502 i.

270 2517 410 2574 Hertzberg.
427 2517 472 2560 loo
474 2515 543 2572 facta
549 2517 581 2573 V,
589 2530 649 2562 corr.
660 2533 683 2563 ω.
701 2517 745 2560 101
753 2517 834 2572 arquei
841 2513 963 2570 Schwabe,
971 2514 1041 2572 atqui

270 2576 444 2634 uelarqnica.
467 2575 712 2633 posthabendam
722 2574 831 2620 indicant
840 2573 905 2630 uulg.
930 2574 1041 2630 lossopuc

270 2649 321 2690 nos,
335 2647 396 2680 onus
409 2633 440 2680 V.
472 2635 516 2677 104
526 2635 674 2691 stuprantem
687 2634 719 2688 V,
731 2633 763 2679 ci.
776 2631 814 2678 VI
824 2631 845 2678 8.
878 2632 922 2676 105
932 2633 997 2677 mira
1005 2631 1037 2687 V,

194 2703 198 2724 ¹
270 2698 339 2739 mutu
348 2693 437 2750 Heyse,
449 2691 514 2748 nulg.
546 2693 590 2736 1⁰8
600 2693 664 2738 diem
673 2707 696 2748 a,
708 2693 760 2738 dies
769 2691 800 2737 V.
901 2694 1038 2746 —caotate.,

271 2752 418 2798 dtesBaehr.
450 2750 677 2808 rosqqurnetus.
705 2750 816 2795 noctiis
851 2783 857 2795 .
884 2750 998 2794 noscat
1007 2747 1039 2803 V,

272 2811 337 2858 settis
346 2810 434 2857 Baehr.
462 2811 506 2854 116
516 2810 561 2856 illo
570 2823 613 2856 nos
623 2808 767 2856 addidimus.
779 2807 948 2867 supplementa
957 2819 1041 2854 uersus
1087 2869 1089 2874 ι
