2438 3440
307 263 482 321 GARMJNA
509 263 604 315 XXX
605 263 816 318 VI-XXXIX
908 263 941 313 23

170 354 326 448 Μ
343 399 465 450 nequem
475 385 575 436 bonum
585 384 652 437 feeit
662 385 747 438 hurbe

169 447 274 499 etdens
314 448 388 500 rbere
398 449 544 501 defricatus
554 450 641 502 urina.
906 467 940 504 20

478 589 634 642 XXXVIII

168 675 279 740 Melest,
292 677 426 740 Cornifiei,
438 678 616 740 mocorono,

168 742 275 804 mulest,
286 759 330 795 me
341 743 456 806 hercule,
470 747 506 805 et,
519 745 551 805 oi,
564 743 704 808 laboriose,

168 811 197 858 et
207 807 294 873 magis
304 807 391 874 magis
402 807 430 858 in
442 807 499 858 dies
510 811 538 859 et
548 807 635 860 horas.
672 832 675 838 ¹

168 887 249 937 quem
260 877 300 933 tu,
314 871 386 938 quod
397 872 539 923 minimum
549 873 798 940 facillimumquest,

64 936 68 946 ’
168 936 334 1012 queruletus
344 937 573 988 ssadlooutioner
923 947 939 1005 3

168 1015 268 1052 irascor
278 1001 336 1052 tibi.
371 1001 411 1052 sio
421 1017 494 1052 meos
506 1006 628 1052 amores?

167 1065 280 1130 paulum
291 1065 357 1131 quid
367 1065 444 1116 lubet
454 1065 642 1128 adlocutionis,

167 1129 298 1181 maestius
309 1130 427 1182 lacrimis
439 1129 608 1182 Simonideis.

491 1270 618 1322 XXXIX

155 1343 157 1354 ¹
167 1359 310 1426 Egnatius,
323 1359 395 1426 quod
406 1353 533 1411 candidos
545 1359 628 1411 hebet
638 1359 741 1421 dentes,

166 1425 272 1475 renidet
282 1440 368 1490 usque
379 1441 494 1492 queque.
530 1425 569 1475 sei
580 1425 615 1476 ad
626 1425 665 1476 rei
676 1427 815 1477 uentumst

167 1488 334 1550 subsellium,
347 1505 408 1540 oum
419 1494 508 1540 orator
519 1489 621 1541 excitat
631 1489 734 1551 fletum,

167 1553 272 1604 renidet
282 1553 336 1605 ille.
372 1554 411 1605 sei
422 1554 457 1604 ud
469 1553 506 1620 pii
517 1569 612 1620 rogum
623 1553 662 1604 fili

166 1617 284 1684 lugetur,
298 1619 363 1670 orbe.
373 1635 434 1669 eum
445 1618 492 1669 flet
502 1619 613 1670 unicum
623 1621 719 1678 muter,
921 1631 936 1684 5

166 1683 271 1734 renidet
281 1683 335 1735 ille.
371 1681 503 1748 quidquid
514 1687 564 1744 est,
577 1682 774 1748 ubicumquest,

167 1746 354 1813 quodcumque
365 1747 431 1812 egit,
445 1747 557 1798 renidet.
592 1747 665 1797 huno
675 1747 758 1796 hebet
769 1747 901 1808 morbum,

166 1827 254 1878 neque
265 1812 425 1878 elegantem,
438 1816 470 1862 ut
480 1812 603 1887 arbitror,
616 1827 703 1877 neque
715 1811 856 1886 urbanum.

166 1875 694 1992 ttbtdulttttttlntltl
714 1879 777 1989 t?
907 1955 936 1990 10

166 2009 216 2056 eut
261 2021 321 2056 reus
333 2005 433 2056 Vmber
443 2009 492 2056 out
503 2005 599 2055 obesus
610 2005 740 2054 Etruscus

166 2073 215 2121 out
249 2069 386 2121 anuuinus
397 2073 456 2120 uter
466 2074 549 2135 atque
560 2069 689 2120 dentatus

166 2138 217 2185 eut
229 2134 446 2200 Ibenspedenus,
458 2137 491 2184 ut
502 2149 575 2183 meos
586 2148 693 2208 quoque
704 2131 847 2197 attingam,

166 2202 216 2250 aut
226 2199 357 2265 quilubet,
370 2197 418 2264 qui
429 2198 530 2264 puriter
540 2197 609 2248 lauit
620 2197 723 2257 dentes,

166 2267 259 2316 tamen
270 2263 392 2315 renidere
403 2278 489 2328 usque
499 2260 771 2328 quequetenollem:
905 2273 933 2326 15

194 2426 519 2474 xxxvmrmrsiv.
551 2427 796 2475 imbuerem
828 2431 933 2486 coetu

165 2501 217 2544 noe,
230 2492 252 2533 et
264 2489 280 2533 l.
292 2487 324 2543 V,
336 2487 405 2541 mnis,
418 2487 441 2533 u·
451 2492 476 2556 et
480 2485 551 2532 Lech.
564 2491 586 2532 et
596 2501 613 2531 a
622 2486 710 2533 Baehr.
722 2491 744 2532 et
758 2491 792 2532 est
807 2487 885 2545 Sillig,
900 2489 931 2536 el.

165 2545 377 2592 murrone.
402 2544 643 2600 tercentorum,
656 2559 715 2591 oorr.
728 2545 818 2592 Aunnt.
842 2547 930 2594 4ee'V.

163 2606 203 2663 pii
218 2601 251 2650 αι’
264 2605 337 2660 empti
352 2604 381 2660 G,
393 2605 459 2661 dupli
474 2604 502 2650 Ο.
534 2617 616 2659 renum
626 2603 677 2660 filii
690 2603 717 2650 V.
750 2605 764 2647 9
778 2608 812 2649 eet
822 2603 852 2660 V,
865 2609 887 2650 te
901 2611 935 2652 eet

166 2663 231 2732 Spem
246 2661 276 2718 el,
288 2667 353 2708 cette
362 2663 467 2719 Moehly.
499 2662 528 2730 11Ι
535 2675 626 2732 porrus
633 2662 663 2718 V,
673 2663 774 2718 pluente
785 2661 862 2708 Gloee.
874 2663 931 2710 Vet.

165 2721 217 2767 Mur
226 2676 298 2767 Iuet.
311 2721 387 2768 class.
400 2723 421 2777 I,
434 2721 477 2768 574
490 2719 598 2778 ‘pmgrus
608 2735 703 2778 gressus
717 2735 773 2766 num
784 2721 868 2766 obesus
878 2722 934 2779 plus

165 2783 203 2825 est
219 2793 291 2838 quom
305 2780 408 2837 pinguis.
441 2779 552 2825 Catullus
568 2779 604 2825 oit
618 2781 671 2824 Aut
690 2780 789 2836 pluente
803 2779 876 2826 ubera
889 2787 934 2828 aut

163 2839 244 2886 οὸειιιι
253 2843 275 2885 et
281 2851 381 2896 prorem
390 2835 396 2856 '
405 2837 451 2895 (ite
461 2838 547 2895 codd),
560 2853 620 2884 corr·
633 2837 745 2896 Scaliger.
