2438 3440
283 253 315 303 10
476 247 503 300 0.
531 247 675 300 VALERI
696 245 860 300 CATVLLI

633 441 703 496 XIV

284 532 338 586 Noi
348 535 376 584 te
386 531 447 608 plus
457 530 540 584 oeulis
550 531 618 584 meis
628 547 754 594 amarem,

283 596 475 648 iucundissime
486 597 577 658 Calue,
591 612 700 648 munere
710 597 763 648 isto

284 659 400 713 odissem
410 664 438 712 te
449 660 510 712 odio
521 660 669 712 Vatiniano
679 681 685 712 :

284 740 348 777 nam
359 725 424 792 quid
435 725 487 776 feei
497 740 546 790 ego
556 725 656 790 quidue
667 740 727 775 sum
737 724 852 786 loeutus,

283 805 332 841 our
342 805 385 840 me
395 793 437 840 tot
447 789 518 840 male
529 789 651 854 perderes
661 789 765 864 poetis?
1036 797 1050 852 5

283 854 332 905 isti
342 853 371 905 di
381 853 454 904 malo
464 853 551 904 multa
561 853 626 904 dent
636 852 729 904 chenti

285 917 333 984 qui
343 921 451 969 tantum
462 917 513 968 tibi
523 917 597 968 misit
608 917 748 982 inpiorum.

285 982 400 1048 quodsi,
412 986 444 1032 ut
455 981 580 1047 suspicor,
593 980 643 1032 hoo
654 997 752 1032 nouom
763 997 794 1032 ao
805 983 938 1047 repertum

284 1062 383 1098 munus
395 1047 443 1097 dat
454 1046 505 1096 tibi
516 1045 592 1096 Sulla
603 1045 745 1107 litterator,

285 1126 339 1162 non
350 1114 392 1162 est
402 1110 441 1160 mi
450 1110 530 1170 male,
543 1109 590 1160 sed
602 1109 668 1160 bene
679 1125 711 1160 oo
722 1109 809 1171 beate,

285 1174 358 1290 lim
368 1191 422 1225 non
433 1174 587 1239 dispereunt
597 1173 639 1224 tui
649 1173 760 1224 labores.

305 1239 311 1251 ‘
324 1239 424 1304 magni,
437 1238 590 1288 horribilem
598 1241 626 1288 et
638 1254 742 1288 sacrum
752 1235 874 1288 libellum

286 1319 367 1370 quem
377 1307 409 1354 tu
420 1302 521 1353 seilicet
532 1301 567 1353 od
577 1306 653 1352 tuom
665 1301 803 1353 Catullum

285 1368 369 1428 misti,
382 1367 509 1418 continuo
519 1369 551 1417 ut
561 1366 605 1417 die
649 1366 721 1427 riret,

286 1431 483 1491 Saturnalibus,
497 1430 598 1506 optimo
628 1430 727 1481 erum!

285 1511 340 1554 non
351 1511 405 1546 non
415 1494 465 1545 hoo
476 1495 535 1556 tibi,
548 1495 627 1556 salse,
639 1494 678 1545 sio
689 1493 791 1546 abibit=

286 1575 359 1621 nem,
373 1559 396 1610 si
407 1559 514 1621 luxerit,
527 1559 563 1609 ad
574 1558 742 1610 librariorum

240 1674 244 1682 ,
286 1640 391 1676 curram
402 1623 507 1684 scrinio,
521 1623 637 1684 Caesios,
649 1623 781 1688 Aquinos,

287 1687 427 1740 Suffenum
438 1687 529 1738 omnia
539 1687 662 1752 colligam
674 1702 787 1748 uenena,

286 1768 320 1804 ao
329 1756 358 1804 te
368 1752 411 1803 his
422 1751 558 1816 suppliciis
569 1751 764 1802 remunerabor.

287 1832 336 1868 uos
347 1816 410 1868 hine
420 1816 523 1867 interea
534 1816 624 1866 uolete
635 1815 708 1866 obite

287 1881 361 1941 illue,
374 1880 446 1932 unde
458 1880 561 1931 malum
571 1879 666 1945 pedem
677 1877 818 1940 attulistis,

288 1945 370 1997 saecli
380 1943 556 2006 incommoda,
568 1943 677 2010 pessimi
687 1947 790 2008 poetae.

628 2105 713 2158 XIV*

289 2197 319 2250 Si
329 2196 378 2263 qui
388 2196 456 2247 forte
466 2209 588 2247 meorum
598 2195 762 2261 ineptiarum

288 2261 400 2314 lectores
411 2260 485 2311 eritis
496 2275 646 2325 manusque
657 2263 762 2310 uestras
1025 2273 1040 2308 2
1043 2269 1056 2323 ς

289 2341 344 2377 non
354 2323 495 2376 horrebitis
506 2324 650 2375 admouere
660 2323 745 2385 nobis,

665 2405 679 2434 t

318 2566 374 2613 ΧΠ
388 2565 548 2613 Intemellum
562 2565 629 2613 inv.
661 2567 675 2610 1
690 2567 740 2613 Nei
754 2567 825 2614 Loth.
842 2567 881 2614 Ne
894 2566 924 2624 G,
936 2567 998 2614 EO.
1027 2569 1057 2611 14

289 2627 379 2674 mieirti
387 2625 419 2672 V.
451 2626 480 2668 15
490 2627 567 2682 opimo
578 2623 607 2681 G,
618 2627 715 2682 oppinio
723 2625 752 2672 0.
779 2627 808 2670 16
818 2626 914 2683 eolrefit
924 2627 1014 2673 adbibit
1024 2626 1054 2682 G,

286 2685 388 2742 folrefit
397 2683 491 2730 adbibit
501 2683 529 2730 0.
555 2684 584 2727 19
594 2683 716 2740 Suffenam
725 2684 756 2741 V,
768 2685 802 2732 Su
821 2699 897 2740 enom,
910 2687 991 2730 omnio
1001 2684 1054 2730 edd.
