2428 3448
384 273 562 328 OARMINA
585 275 644 327 LX
646 273 734 328 VJJJ*
911 275 944 330 71·

239 402 319 454 quem
330 403 401 438 nune
412 390 469 438 tam
480 387 560 452 longe
570 403 625 438 non
635 387 707 462 inter
716 391 782 462 nota
793 387 916 453 sepulcra

240 455 871 592 tttttittttdfttlllltltttitan

177 594 223 630 roo
273 580 376 632 detinet
387 586 506 632 extremo
517 585 588 632 terra
599 581 689 632 aliena
699 581 763 632 solo.
910 583 943 632 60

238 644 274 696 ad
290 650 447 712 quamtum
463 661 606 712 properans
622 645 708 698 fertur
722 646 806 698 amal
821 646 942 713 undique

270 710 528 850 erudelbllgnetralis
539 774 688 850 deseruisse
698 774 779 838 iocos,

238 854 283 890 ner
295 839 370 890 Pans
381 840 500 890 abducta
509 855 621 904 gaurms
632 839 717 890 hbera
727 840 839 892 moecha

271 903 327 954 otia
337 909 433 969 pacato
443 903 552 968 degeret
562 903 590 953 in
602 903 730 954 thalamo.

176 978 222 1032 105
240 984 293 1034 quo
303 967 354 1018 tibi
364 972 424 1019 tum
436 983 509 1029 essu,
522 967 702 1033 pulcherrima
713 968 873 1032 Laudamia,
909 971 941 1034 65

273 1036 420 1098 ereptumst
429 1032 490 1083 nita
501 1032 606 1083 dulcius
618 1037 702 1098 atque
713 1033 804 1084 anima

237 1097 391 1163 coniugium
402 1118 408 1148 ε
426 1101 504 1148 tanto
515 1100 543 1147 te
554 1097 698 1148 absorbens
709 1098 810 1148 uertice
821 1097 919 1149 amoris

269 1166 361 1213 aestus
372 1162 400 1212 in
411 1162 557 1227 abruptum
570 1161 705 1212 detulerat
717 1162 883 1224 barathrum,

239 1225 320 1292 quale
330 1226 420 1278 ierunt
432 1225 498 1276 Grai
509 1225 648 1276 Pheneum
659 1242 739 1292 prope
751 1226 909 1293 Cylleneum

176 1304 223 1340 110
271 1290 368 1342 siccare
379 1291 483 1342 emulsa
494 1290 593 1356 pingue
604 1291 703 1356 palude
714 1291 810 1352 solum,
911 1305 942 1354 70

237 1355 309 1421 qnod
320 1355 455 1431 quondam
464 1355 549 1406 eaesis
560 1355 660 1406 montis
671 1355 770 1407 fodisse
781 1355 908 1407 medullis

269 1419 347 1470 audit
357 1420 520 1486 falsiparens
531 1420 798 1485 Amphitryoniades,

237 1488 355 1550 tempore
366 1500 419 1550 quo
430 1489 504 1536 certa
515 1484 687 1560 Stymphalia
697 1490 818 1537 monstra
829 1485 931 1551 sagitta

270 1549 383 1615 perculit
393 1549 505 1614 imperio
516 1548 655 1600 deterroris
667 1550 713 1610 eri,

176 1625 221 1678 115
238 1613 359 1679 pluribus
370 1618 403 1664 ut
413 1613 482 1664 eaeli
492 1617 623 1664 tereretur
633 1613 717 1664 ianne
726 1612 807 1677 diuis,
910 1626 923 1679 7
927 1625 941 1680 5

269 1677 346 1730 Hebe
356 1694 406 1729 neo
417 1678 497 1744 longa
508 1677 666 1743 uirginitate
677 1677 753 1728 foret.

236 1742 285 1794 sed
295 1746 356 1794 tuos
367 1742 441 1794 altus
451 1759 526 1793 amor
538 1742 664 1792 barathro
674 1742 728 1792 fuit
739 1742 820 1792 altior
829 1741 886 1804 illo,

268 1807 315 1873 qni
326 1812 418 1858 tamen
428 1806 588 1858 indomitam
599 1807 667 1858 ferre
677 1807 772 1872 iugum
783 1807 890 1858 docuit:

236 1887 301 1922 nam
311 1887 360 1922 neo
371 1875 429 1922 tem
440 1887 532 1922 earum
543 1871 665 1922 eonfeoto
675 1875 767 1922 aetate
779 1871 885 1937 parenti

175 1951 221 1987 120
270 1951 325 1987 una
335 1939 417 2001 capnt
428 1936 481 1987 seri
491 1939 558 1986 nata
568 1951 603 1986 ne
622 1935 674 1986 otis
686 1935 744 1996 alit,
908 1938 941 1988 8ο

236 1999 292 2065 qui,
305 2016 368 2051 oum
379 2000 483 2051 diuitiis
494 2000 542 2050 nix
553 1952 665 2058 tandem
675 1999 805 2050 inuentus
815 1999 901 2052 auitis

267 2081 364 2115 nomen
375 2068 490 2116 testatas
501 2064 597 2115 intulit
607 2065 635 2114 in
647 2063 765 2126 tabulas,

235 2128 311 2194 inpia
322 2129 403 2180 derisi
413 2129 522 2195 gentilis
533 2129 634 2243 pendia
642 2128 740 2204 tollens

267 2194 382 2245 suscitat
393 2209 411 2244 a
421 2209 489 2245 eano
499 2209 535 2244 no
546 2193 648 2244 turium
659 2193 758 2258 eaprti:

174 2271 202 2308 12
205 2269 219 2322 5
236 2273 285 2310 nee
295 2262 404 2309 tentum
415 2258 496 2309 niueo
496 2257 629 2372 ¹fiauirsaot
640 2257 698 2308 ulla
709 2257 833 2309 eolumbo
908 2259 939 2324 85

266 2338 373 2388 conpar,
387 2339 457 2389 quae
465 2339 495 2399 m
525 2327 554 2373 to
565 2321 664 2372 dieitur
674 2321 812 2387 inprobius

236 2387 330 2439 osenla
340 2388 474 2438 mordentr
485 2403 589 2453 semper
599 2387 738 2452 decerpere
748 2390 842 2448 rostro,

200 2552 230 2596 te
244 2553 333 2598 etheris
346 2551 378 2598 V.
410 2553 439 2596 61
454 2553 528 2598 notul
542 2550 597 2597 add.
610 2568 633 2608 a,
645 2557 732 2598 caneto
745 2551 880 2598 Froehlioh.
911 2553 942 2598 td

171 2610 251 2656 &aio
264 2611 291 2656 L
308 2609 402 2666 Muell,
418 2611 497 2656 forma
511 2610 577 2668 apud
591 2613 675 2668 poetas
689 2611 765 2667 magis
778 2611 878 2656 usitata.
910 2612 940 2656 ⁶8

170 2671 211 2715 aei
225 2669 322 2725 Baehr.‚
338 2683 381 2714 aee
394 2669 423 2725 Ο,
433 2683 463 2715 ae
477 2669 506 2716 G.
539 2670 568 2712 70
585 2671 672 2715 m'oeori
686 2670 717 2726 V,
735 2683 794 2714 corr,
812 2668 936 2716 Schrader.

170 2728 200 2772 '12
222 2729 295 2774 audet
316 2727 395 2783 codd„
422 2743 480 2774 eorr.
505 2727 646 2774 Palmerius.
688 2729 717 2772 '1⁸
738 2732 817 2773 taam
836 2725 883 2783 (tn)
901 2730 939 2774 ia·

70 2817 72 2824 .
170 2785 286 2832 domium
303 2785 398 2843 Heius,
415 2791 471 2832 tuae
485 2787 502 2832 i.
526 2782 625 2829 Corrad.
642 2784 673 2830 de
688 2783 760 2842 Anio,
784 2790 853 2833 tuum
864 2788 941 2834 demi·

171 2849 222 2890 tum
232 2846 263 2892 V.
