2438 3440
283 289 300 340 6
477 283 505 338 0.
532 282 677 337 VALERI
697 283 860 337 GAWLLI

285 397 316 445 at
326 397 357 445 tu
367 393 476 456 dolebis,
489 409 551 444 oum
560 392 695 460 rogaberis
705 392 788 444 nulla

285 457 407 520 aoelesta,
420 474 470 509 uae
481 461 517 518 te,
531 473 599 534 quae
610 457 661 509 tibi
671 456 763 508 ma'net
773 457 848 508 uitat

285 522 347 588 quis
357 538 429 573 nuno
439 525 467 574 te
478 522 583 573 adibit?
598 521 662 587 quoi
672 521 805 573 uidoberis
815 520 906 575 bellat

286 601 366 652 quem
376 602 448 637 nuno
458 585 578 638 amabis?
613 585 691 636 uoius
702 601 759 637 esse
770 585 883 639 diceris?

286 665 366 716 quom
376 649 513 702 basiabist
529 602 702 715 quoiiabella
712 649 862 701 mordebis?

285 717 366 775 atta,
379 713 494 776 Catulle,
506 714 657 766 destinatus
667 713 777 765 obdura.

646 841 689 894 IX

285 933 395 995 Verani,
407 932 530 985 omnibus
541 949 556 985 o
566 932 633 984 meis
643 932 737 984 amieis

286 999 419 1050 antistans
430 997 497 1048 mihi
507 997 616 1048 milibus
627 996 761 1058 treoentis,

285 1062 420 1113 uenistine
430 1062 539 1113 domum
549 1061 585 1113 ad
596 1065 657 1112 tuos
668 1059 784 1113 Penates

285 1126 435 1192 fratresque
445 1125 586 1176 unanimos
596 1140 732 1200 anumque
742 1127 873 1178 matrem!

285 1190 394 1241 uenisti.
428 1205 445 1240 o
455 1189 522 1240 mihi
533 1189 622 1240 nuntii
632 1189 706 1240 beati
717 1193 723 1240 ι

285 1254 373 1304 uisam
384 1257 412 1305 te
422 1253 582 1304 ineolumem
593 1253 756 1318 audiamque
766 1251 898 1304 Hiberum

286 1321 439 1368 narrantem
450 1317 516 1378 looa,
529 1316 610 1377 faeta,
623 1316 754 1377 nationes,

285 1386 318 1432 ut
328 1397 386 1432 mos
397 1385 438 1432 est
449 1385 519 1442 tuos,
532 1379 722 1446 adplicansqne
733 1379 832 1432 oollum

285 1445 434 1496 iucundum
444 1460 473 1496 os
485 1444 627 1510 oculosque
638 1443 771 1495 sauiabor.

285 1525 303 1561 o
313 1512 472 1585 quantumst
481 1507 620 1558 hominum
631 1507 788 1571 beatiorum,

286 1572 352 1640 quid
362 1589 406 1624 me
416 1571 514 1625 laetius
524 1576 566 1624 ost
576 1571 734 1624 beatiusuet

435 1667 457 1692 Ο

651 1695 680 1748 Χ

287 1785 375 1837 Varus
386 1799 429 1836 mo
439 1800 515 1836 meus
526 1784 562 1836 ad
573 1797 636 1836 suos
647 1799 750 1838 amores
836 1811 839 1818 ·

286 1849 376 1900 uisum
387 1850 502 1902 duxerat
512 1864 528 1900 e
538 1849 594 1900 foro
605 1848 729 1911 otiosum,

287 1913 442 1974 soortillum,
456 1917 487 1964 ut
497 1912 565 1963 mihi
575 1917 635 1964 tum
646 1916 754 1978 repente
765 1911 890 1976 uisumst,

287 1993 341 2028 non
352 1993 417 2028 sane
427 1977 575 2042 inlepidum
586 1991 673 2042 neque
683 1977 867 2030 inuenustum.

286 2041 340 2092 huo
351 2045 382 2091 ιιι
392 2041 524 2102 uenimus,
537 2040 653 2092 inuidere
664 2041 740 2091 nobis

287 2121 420 2156 sermones
431 2105 509 2166 uarii,
521 2104 550 2155 in
561 2104 667 2171 quibus,
698 2104 746 2155 uid
757 2106 828 2156 esset

287 2169 343 2220 iam
354 2168 491 2234 Bithynia,
503 2183 558 2235 quo
568 2168 646 2219 modo
657 2184 685 2219 se
732 2167 815 2228 beret,

287 2247 434 2298 ecquonam
444 2232 512 2283 mihi
540 2231 664 2283 rofuisset
675 2247 743 2284 aere.

287 2296 411 2362 respondi
421 2296 450 2347 id
461 2312 498 2362 qn
544 2300 610 2357 erat,
624 2295 692 2347 nihil
702 2309 790 2363 neque
800 2294 866 2362 ipsis

316 2429 347 2472 14
355 2427 431 2474 aunei
440 2425 565 2484 Rossbaq
591 2427 679 2474 ltuoe
693 2429 715 2473 te
798 2426 827 2473 B.
840 2426 1055 2486 annuamus·

289 2485 530 2543 G‚utteq;0,ooote
609 2485 672 2531 Stat.
775 2484 1007 2532 InternalluminV.
1038 2487 1053 2530 1

291 2545 398 2590 Verawoa'
408 2543 438 2600 V,
450 2542 533 2588 littera
539 2497 699 2588 qqqemtum
713 2543 842 2599 geminata.
873 2557 886 2589 ο
896 2543 951 2590 add.
963 2543 1051 2591 Baehr.

285 2602 372 2659 ouulg.
404 2602 420 2645 4
434 2614 482 2647 ano
496 2602 578 2646 aaiow
592 2613 722 2658 romaque
731 2599 770 2657 (Ο,
783 2614 828 2646 uso
905 2601 937 2658 G)
948 2602 979 2658 V,
991 2616 1051 2649 oorr.

284 2661 399 2707 Faernus.
430 2657 596 2705 tantoris.
657 2657 838 2715 tiatorem
875 2692 880 2706 .
915 2660 1054 2717 iqaonwdo

284 2731 353 2776 posse
362 2719 385 2764 t.
398 2717 429 2764 V.
461 2717 509 2762 too
525 2729 614 2763 aonam
624 2715 724 2772 Statius,
737 2721 758 2763 et
768 2719 881 2774 quostiam
892 2717 916 2762 V
924 2716 1051 2777 (suprascr.

288 2731 1054 2880 ina5or’q1qnom39aitaaeq1aipaa·,fleinaamqua

289 2846 436 2891 metanoeis
471 2865 478 2880 .
