2428 3448
390 295 566 349 CARMINA
589 296 690 350 LXIV
887 301 918 352 01

144 404 206 456 viila
216 421 247 456 em
257 409 427 471 tempestate,
439 405 514 457 ferox
526 422 579 472 quo
590 410 709 474 tempore
720 406 838 459 Theseus

155 485 276 535 egressus
288 471 377 521 curuis
389 470 538 522 olitoribus
549 471 638 522 Piraei

155 534 249 600 attigit
259 534 354 586 iniusti
364 551 391 585 re
412 535 433 586 's
445 535 511 586 Gort
551 536 557 547 '
587 539 667 588 tecta.
888 549 918 604 75

156 615 219 650 nam
230 599 370 664 perhibent
380 551 445 650 oiim
456 616 502 651 eru
522 600 557 651 eli
567 603 643 666 peste
652 603 774 652 ooaetam

155 663 365 729 Androgeoneae
376 679 476 730 poenas
486 664 625 716 exsoluere
636 665 725 716 caedis

156 727 253 779 eleetos
264 728 376 779 iuuenes
387 728 469 780 simul
479 733 507 780 et
517 729 598 780 deeus
608 729 783 796 innuptarum

156 791 310 858 Cecropiam
320 792 428 844 solitam
438 809 497 844 esse
508 793 605 859 dapem
616 793 679 845 dare
690 794 853 846 Minotauro.

155 856 216 922 quis
226 861 343 922 angusta
353 857 431 908 malis
442 873 504 908 enm
513 857 620 910 moenia
629 863 801 920 uexarentur,
889 858 921 909 80

155 921 212 996 ipse
223 937 300 972 suom
312 921 431 972 Theseus
442 937 490 998 pro
500 922 568 973 caris
579 938 610 973 eo
640 939 673 973 us
684 922 801 974 Athenis

155 1001 271 1100 promere
282 986 388 1052 optauit
398 990 487 1052 p0t1us
498 1002 580 1052 quam
591 990 603 1037 t
633 987 659 1038 'a
669 986 777 1038 Cretam

167 1065 250 1102 unere
261 1050 404 1116 Cecropiae
414 1067 463 1102 neo
473 1051 569 1102 funera
597 1055 755 1114 orterentur,

155 1119 238 1182 atque
249 1114 289 1190 ita
299 1131 370 1166 naue
380 1114 437 1166 leui
446 1115 535 1190 nitens
546 1067 694 1166 aoienibus
706 1115 778 1167 auris

155 1195 358 1255 magnammum
368 1179 404 1230 ad
415 1179 509 1255 Mmoa
519 1180 736 1256 uenit'sedesque
746 1180 882 1256 superbas.

154 1243 227 1319 hune
237 1243 319 1294 s1mul
330 1259 361 1295 ae
372 1245 468 1320 euprdo
479 1249 618 1320 eonspexrt
628 1245 730 1296 lumine
740 1261 817 1312 uirgo
889 1245 921 1296 86

155 1324 237 1373 regia,
250 1323 331 1384 quam
343 1324 435 1384 suauis
447 1325 572 1374 expnans
583 1313 673 1385 castus
685 1309 778 1361 odores

154 1372 270 1424 lectulus
282 1389 311 1423 m
321 1373 397 1423 molh
407 1373 537 1449 conplexu
549 1377 642 1424 matns
654 1373 752 1435 alebat,

155 1437 249 1502 quales
260 1437 378 1488 Eurotae
388 1453 436 1504 pro
463 1442 551 1504 gnunt
561 1438 674 1490 flumina
683 1443 785 1505 myrtos

155 1517 257 1553 enraue
268 1501 435 1552 distinctose
454 1503 605 1554 ueituerna
615 1503 724 1566 eolores,
889 1518 923 1566 90
1009 1547 1013 1556 .

155 1565 293 1642 nonprius
304 1582 338 1616 ex
349 1566 396 1617 illo
407 1566 550 1632 flagrantia
560 1567 708 1644 deelinauit

155 1629 866 1772 ἒῗὲὲίὶῗιέἷἭὲῗξὲξῗξῖῗιὲᾝέἓιῧὲΨ

155 1759 210 1810 heu
221 1775 288 1810 mise
328 1765 470 1825 exagitans
480 1776 509 1810 1n
520 1764 582 1811 m1t1
592 1760 670 1811 eorde
680 1760 791 1822 furores,

156 1827 248 1875 saneto
259 1839 333 1889 puer,
346 1824 415 1875 euris
426 1823 566 1875 hominum
576 1825 623 1890 qui
652 1824 734 1875 audia
744 1824 847 1886 misses,
890 1835 920 1889 95

156 1903 279 2003 quaefhue
289 1887 359 1954 regis
370 1888 469 1954 Golgos
480 1841 730 1955 quaeque'iffalium
742 1888 904 1950 frondosum,

174 1953 231 2004 ualr
249 1969 282 2004 us
292 1952 430 2004 incensam
440 1953 563 2004 iactastis
573 1957 664 2004 mente
674 1952 793 2019 puellam

155 1970 282 2068 fluetibus
292 2016 321 2067 in
331 2015 404 2068 flauo
414 2007 610 2093 saepe'iiospite
620 2017 800 2093 suspirantem
812 2021 817 2070 !

156 2085 272 2148 quantos
282 2080 332 2132 illa
341 2081 407 2132 tulit
417 2081 558 2147 languenh
568 2081 646 2132 eorde
657 2086 765 2132 tumores
776 2085 782 2132 1

156 2149 309 2213 quamtum
319 2161 399 2211 saepe
411 2146 496 2212 magis
507 2145 755 2212 fuluore‘expalluit
766 2145 840 2197 auri!
877 2160 923 2197 100

156 2227 217 2262 eum
229 2225 338 2278 saeuom
349 2209 458 2275 cupiens
469 2214 562 2262 eontra
573 2210 731 2262 oontendere
741 2214 891 2261 monstrum

156 2279 206 2326 aut
216 2278 329 2325 mortem
340 2277 477 2340 appeteret
488 2274 608 2326 Theseus
619 2279 668 2326 aut
677 2275 797 2388 praemia
806 2274 903 2326 laudis.

156 2355 210 2390 non
222 2339 329 2404 ingrata
339 2342 432 2389 tamen
442 2338 543 2390 frustra
552 2355 685 2390 munuscu
696 2355 714 2390 a
724 2339 795 2390 dinis

155 2403 314 2470 promittens
325 2403 409 2454 tacito
420 2403 538 2469 succepit
548 2407 614 2455 uota
624 2403 729 2458 labello.

156 2483 220 2519 narn
231 2467 308 2518 uelut
318 2466 347 2518 in
358 2483 463 2518 summo
471 2467 639 2534 quatientem
652 2467 759 2520 braohia
769 2467 859 2519 Tauro
878 2480 922 2534 ¹⁰5

185 2631 215 2678 ¹13
229 2645 257 2678 ea
270 2629 325 2678 add
337 2630 425 2678 Baehr.
453 2631 524 2689 saroa
538 2635 611 2689 quot.
623 2649 646 2688 ω,
655 2630 827 2690 feroaqaoctt.
839 2630 870 2678 V.
898 2631 921 2690 f.

156 2704 206 2750 qua
216 2689 297 2736 robore
306 2690 440 2736 Troehlieh.
472 2692 501 2734 70
508 2690 636 2747 tempta'V,
647 2693 734 2748 tempta
744 2707 767 2737 a.
798 2691 925 2748 tipeotore

157 2748 256 2806 munlg.
288 2749 353 2794 Min
362 2751 417 2794 miti
425 2765 448 2804 e,
457 2751 522 2795 {miti
529 2749 639 2804 omnm?
647 2749 676 2806 G,
684 2750 775 2796 inmiti
783 2749 849 2806 uulg.
880 2751 925 2795 100

157 2813 246 2866 qnando
263 2807 293 2862 V,
306 2821 365 2852 corr.
383 2808 496 2853 Faernus.
525 2807 621 2864 solyme
631 2807 661 2864 V,
674 2822 733 2854 corr.
746 2807 848 2854 Ritsehl.
880 2810 925 2853 102

156 2871 272 2925 oppeteret
282 2865 311 2912 G.
338 2866 382 2910 101
396 2867 499 2923 succepit
509 2865 582 2924 Stat,
594 2867 716 2914 mwcendit
723 2867 754 2925 V,
766 2867 889 2926 suspendit
898 2885 922 2918 u.
