2428 3448
292 282 324 333 68
487 281 514 333 0.
540 282 686 333 VALERI
706 281 871 334 CATVLLI

291 364 393 379 u·—

323 410 489 508 ἑῐιὲιέρηιῳιθ
500 400 528 444 et
539 395 682 508 itirtrsarurtrr
692 394 755 470 hinc
766 393 876 509 petisdet
887 391 1015 519 thsdeneliris:
1031 407 1064 442 10

292 473 321 509 se
364 475 374 508 1
392 475 402 509 1
413 475 447 508 nc
458 474 519 509 mea
530 475 571 508 sm
595 475 605 508 1
643 475 658 508 o
672 475 689 510 a
699 474 832 508 cnconnno
852 475 876 519 a,
917 473 958 516 ‚aa

325 538 379 573 nen
389 539 432 572 me
444 522 531 574 odisse
541 475 744 588 puteffiospitis
756 523 881 584 officium,

292 587 391 652 accipe,
404 588 464 653 quis
476 603 575 638 merser
584 587 708 638 fortunae
719 587 845 638 fluctibns
856 587 922 653 ipse,

326 668 360 702 ne
370 651 486 717 amplius
497 668 515 703 a
525 651 622 703 misero
632 652 704 702 dona
714 652 795 702 beata
805 656 890 717 petas.

293 720 412 782 ternpore
423 732 476 782 quc
486 716 603 782 primum
613 716 698 767 uestis
709 716 777 767 mihi
787 717 889 768 tradita
899 719 1001 781 purast,
1030 725 1058 779 15

325 781 474 832 iucundum
485 797 546 832 cum
556 785 632 832 aetas
643 781 738 832 florida
748 797 797 832 uer
807 785 906 847 ageret,

293 845 381 897 multa
392 846 459 896 satis
469 845 523 896 lusi
534 866 540 896 :
557 862 611 896 non
623 850 664 896 est
675 845 726 896 dea
737 845 828 896 nescia
838 843 931 906 nostri,

344 927 396 961 uae
407 909 513 961 dulcem
524 910 594 962 curis
603 910 697 961 miscet
707 909 876 962 amaritiem:

293 927 343 1026 sei
352 979 441 1026 totum
451 975 502 1026 hoc
512 975 634 1026 studium
643 975 720 1026 luctu
730 975 849 1026 fraterna
859 974 927 1025 mihi
937 989 1008 1026 mors

326 1039 447 1091 abstulit.
483 1055 499 1090 ο
510 1039 606 1090 mistero
616 1039 700 1090 irater
710 1039 836 1105 adempte
846 1039 921 1100 mihi,
1029 1053 1064 1089 20

294 1108 326 1154 tu
338 1121 398 1155 mea
409 1109 440 1154 tu
451 1104 566 1155 moriens
576 1103 681 1170 fregisti
692 1103 838 1165 commoda,
852 1104 943 1166 frater,
956 1151 958 1156 ,

326 1173 417 1219 tecum
427 1185 482 1219 una
493 1172 578 1220 totast
589 1171 681 1220 nostra
692 1169 798 1234 sepulta
809 1169 913 1230 domus,

294 1233 385 1283 omnia
396 1237 486 1284 tecum
497 1247 553 1284 una
563 1233 699 1298 perierunt
710 1233 811 1298 gaudia
821 1238 922 1294 nostra,

327 1313 397 1362 quae
407 1301 469 1347 tuos
480 1298 509 1348 in
519 1297 579 1348 uita
590 1297 676 1349 dulcis
687 1297 779 1349 alebat
789 1314 871 1349 arnor.

294 1362 391 1428 quoius
402 1378 451 1424 ego
461 1362 573 1412 interitu
584 1367 643 1413 tota
651 1362 685 1413 de
695 1366 786 1413 mente
795 1361 892 1428 fugaui
1030 1371 1064 1426 25

327 1426 393 1477 haec
404 1425 496 1477 studia
507 1430 589 1492 atque
601 1427 688 1478 omnis
698 1426 808 1478 delicias
819 1427 911 1478 animi.

295 1507 387 1558 quare,
401 1491 472 1556 quod
483 1491 575 1542 scribis
590 1491 727 1543 ‘Veronae
739 1495 816 1567 turpe
828 1491 937 1544 Catullo

328 1571 393 1616 esse,
426 1555 480 1606 uod
490 1555 534 1606 hic
546 1556 668 1622 quisquis
680 1555 713 1607 de
724 1556 833 1607 mehore
844 1560 934 1618 notast

295 1620 393 1696 frigida
405 1572 509 1671 ieserto
519 1621 645 1686 tepefecit
656 1621 776 1672 membra
787 1620 899 1672 cubili':

328 1685 364 1746 1d,
379 1685 475 1745 Manli,
489 1701 543 1735 non
555 1689 595 1736 est
607 1689 694 1751 turpe,
707 1685 794 1750 magis
805 1685 967 1736 miserumet.
1030 1697 1065 1748 30

295 1750 415 1816 ignosces
426 1749 518 1814 igitur,
531 1749 563 1810 si,
576 1765 646 1816 quae
657 1749 724 1800 mihi
735 1750 825 1800 luctus
836 1749 947 1810 ademit,

327 1815 394 1865 haee
405 1814 456 1864 tibi
467 1830 520 1864 non
531 1814 621 1865 tribuo
631 1830 752 1875 munera,
764 1831 826 1865 cum
836 1829 948 1890 nequeo.

295 1895 360 1930 nam
371 1878 443 1944 quod
455 1878 505 1929 scri
524 1882 612 1929 tcnrm
623 1894 677 1929 non
688 1882 813 1944 magnast
825 1894 855 1929 co
874 1895 901 1929 1a
912 1877 986 1943 apud
997 1892 1049 1938 me,

328 1943 378 1994 hoc
389 1943 428 2004 fit,
442 1959 495 2008 quo
525 1944 627 1994 Rornae
635 1943 772 1994 uiuimus:
791 1942 839 1993 illa
850 1895 954 2004 ionius,

295 2007 344 2058 illa
355 2008 422 2058 mihi
433 2008 517 2068 sedes,
530 2007 587 2058 illic
597 2023 658 2058 mea
669 2008 787 2073 carpitur
798 2012 890 2058 aetas:
1032 2019 1062 2072 35

328 2073 381 2123 huc
392 2088 447 2122 une
458 2088 493 2122 ex
503 2071 597 2133 inultis
608 2071 720 2138 capsula
730 2087 773 2122 me
785 2071 913 2138 sequitur.

296 2137 368 2203 qucd
380 2153 441 2187 cum
452 2136 492 2187 ita
503 2137 547 2197 sit,
560 2136 644 2187 nolim
655 2139 761 2187 statuas
770 2153 818 2186 nos
830 2140 920 2187 mente
930 2135 1051 2201 maligna

328 2201 357 2252 id
368 2201 455 2252 iacere
465 2205 515 2252 aut
526 2201 617 2252 animo
627 2217 681 2251 non
693 2200 760 2251 satis
771 2200 896 2266 ingenuo,

297 2265 369 2332 quod
380 2265 431 2316 tibi
442 2281 495 2316 non
506 2265 647 2332 utriusque
658 2265 762 2331 petenti
773 2281 803 2316 cc
822 2265 850 2316 ia
860 2267 1008 2331 praestost:

328 2330 401 2382 ultro
411 2345 461 2396 ego
471 2329 609 2392 deferrem,
623 2329 699 2396 copia
710 2329 789 2396 siqua
799 2282 875 2380 Erret.
1031 2343 1064 2391 40

326 2553 422 2599 nxvnr
432 2555 464 2602 11
470 2553 531 2600 mali
539 2553 571 2610 V,
579 2553 655 2598 Mani
664 2551 736 2598 lach.
758 2551 842 2596 160111.
853 2549 882 2596 0.
904 2550 933 2594 2⁴2
946 2547 1068 2595 ‘Vcrome

296 2611 414 2660 —cabilt'
424 2611 471 2670 (29)
481 2613 540 2658 haec
553 2612 628 2670 ipsius
643 2610 721 2656 Manli
731 2609 806 2654 uerba
815 2623 867 2654 esse
881 2609 972 2666 primus
983 2607 1067 2654 docuit

297 2674 393 2720 Munro.
419 2669 693 2718 idemcumVOatulte.
720 2667 923 2724 aequitania.
948 2663 1064 2724 (cinadd.

297 2732 416 2778 Peneius,
439 2731 467 2774 29
475 2729 580 2787 tepefecit
585 2729 626 2774 uel
633 2727 758 2786 tepefactet
765 2743 788 2782 ω,
797 2725 907 2783 tepefacit
912 2725 943 2781 V,
954 2724 1068 2782 tepefacit

297 2789 380 2846 Lech,
390 2789 511 2846 tepefactet
520 2787 606 2844 Bergk,
615 2787 682 2843 uulg.
714 2787 742 2829 ³9
752 2789 846 2842 praesto
853 2783 986 2840 Froehlich,
995 2788 1067 2842 porta

297 2849 329 2906 V,
337 2853 452 2906 prompta
461 2846 558 2903 Baetin,
567 2850 644 2904 parta
654 2843 775 2891 Schwabe.
