2428 3448
388 311 562 383 CARMINA
586 313 688 367 LXIV
887 316 918 366 53

155 423 238 474 sicine
249 423 386 474 discedens
398 424 519 489 neglecto
530 424 640 475 numine
651 423 742 474 diuom

155 488 292 549 inmemor,
306 504 331 549 a,
343 489 443 539 deuota
453 489 560 539 domum
572 489 688 554 periuria
698 491 806 554 portes!
872 501 899 552 13
903 499 916 554 ς

155 553 265 603 nullane
276 569 317 603 res
329 554 417 618 potuit
428 553 542 603 crudelis
554 552 658 603 flectere
670 553 767 603 mentis

155 617 313 667 consilium?
328 617 380 667 tibi
390 617 466 668 nulle
476 617 528 668 luit
539 617 681 668 clementia
691 621 805 682 praesto,

155 681 250 732 inmite
261 685 292 732 ut
303 681 387 732 nostri
398 681 481 732 uellet
492 681 655 732 miserescere
666 685 777 757 peetus?

155 749 185 797 at
196 761 250 796 non
260 745 327 796 haee
338 746 473 811 quondam
485 745 585 797 blanda
595 761 724 812 promissa
735 744 841 807 dedisti,

155 825 220 861 uoce
231 809 306 870 mihi,
319 827 372 860 non
384 809 450 861 haec
460 810 585 861 miseram
595 827 608 860 s
627 825 700 861 erare
711 809 830 872 iubebas,
873 823 919 872 140

155 874 203 926 sed
214 874 329 925 conubia
339 874 419 935 laeta,
433 874 481 925 sed
492 879 597 940 optatos
609 827 786 940 hymenaeosr

155 955 225 1014 puae
237 943 335 990 cuncta
345 939 411 989 aerii
422 939 577 1004 discerpunt
587 938 664 989 irrita
673 938 757 989 uenti.

154 1019 210 1054 ram
220 1003 276 1054 iarn
287 1003 364 1054 nulla
373 1003 433 1053 uiro
443 1003 545 1054 iuranti
554 1003 656 1054 femina
667 1003 767 1065 credat,

138 1127 142 1135 ⁵
154 1067 231 1118 nulla
241 1067 317 1118 uiris
336 1072 392 1118 eret
402 1083 536 1118 sermones
548 1083 605 1118 esse
616 1067 725 1128 fideles;
873 1081 919 1130 144

154 1131 215 1197 quis
225 1131 290 1182 dum
302 1084 405 1197 aliquid
416 1131 525 1197 cupiens
536 1131 642 1183 animus
653 1131 798 1197 praegestit
809 1131 900 1198 apisci,

154 1196 195 1266 nil
205 1200 328 1246 metuont
339 1197 434 1257 iurare,
448 1196 517 1246 nihil
528 1197 682 1262 promittere
692 1199 822 1311 pareunt:

155 1260 202 1310 sed
213 1261 294 1311 simul
306 1277 337 1311 ac
348 1261 461 1326 cupidae
472 1260 570 1312 mentis
581 1261 682 1312 satiata
705 1260 810 1323 'bidost,

154 1324 228 1376 dicta
238 1325 306 1375 nihil
317 1325 468 1386 meminere,
482 1325 550 1375 nihil
560 1325 676 1391 periuria
686 1329 788 1376 curant.

154 1393 226 1440 certe
237 1405 285 1455 ego
296 1393 324 1439 te
334 1390 363 1439 in
375 1389 462 1440 medio
474 1395 624 1441 uersantem
637 1389 743 1440 turbine
753 1389 803 1440 leti

154 1453 249 1520 eripui,
262 1457 290 1504 et
301 1454 390 1519 potius
401 1470 558 1519 germanum
569 1454 693 1505 amittere
704 1453 784 1516 creui,
874 1463 919 1516 150

154 1533 237 1584 quam
248 1517 298 1568 tibi
309 1517 400 1569 fallaci
410 1534 533 1584 supremo
543 1519 571 1568 in
583 1523 629 1569 ten
657 1535 701 1569 ore
712 1519 823 1569 dessem.

154 1597 202 1648 pro
212 1598 266 1696 (huo
277 1582 448 1633 dilaceranda
458 1582 521 1633 feris
532 1582 615 1634 dabor
625 1535 788 1648 ‹llitibusque

154 1662 217 1712 prae
237 1663 262 1706 a,
275 1661 362 1712 neque
373 1647 473 1697 iniecta
483 1647 637 1698 tumulabor
647 1651 753 1698 mortue
763 1651 841 1698 terra

155 1727 288 1777 quaenam
299 1715 327 1761 te
337 1711 431 1776 genuit
442 1711 499 1762 sola
510 1711 561 1762 sub
572 1727 637 1776 rupe
648 1712 759 1762 leaenat

154 1775 226 1841 quod
237 1777 503 1841 mare'conceptums
522 1775 678 1826 umentibus
690 1774 785 1840 expuit
794 1773 883 1833 undis,

154 1855 225 1906 ‘1¹¹⁹‘e
241 1839 336 1904 Slffisr
355 1855 425 1906 (1¹1ae
444 1839 496 1906 Sey
551 1855 644 1906 rapax,
663 1855 733 1906 quae
751 1842 831 1890 uasta
851 1837 917 1888 Cha·

196 1968 202 1980 ⁸
249 1904 363 1979 rybdis¹
512 1968 519 1981 ι
625 1967 631 1980 ι
681 1967 688 1981 ι
762 1909 809 1922 ’“’“
873 1903 919 1965 156

153 1967 221 2044 talia
231 1985 280 2044 qm
291 1968 437 2044 reddispro
448 1967 521 2019 dulor
531 1983 651 2044 praemm
660 1971 738 2019 urta!

153 2032 836 2211 zueruereperterricrepam,
887 2157 901 2208 ⁶

154 2161 767 2292 tltttt{tttlhtdffitltttttttz
873 2171 919 2208 ¹⁰

154 2290 270 2341 candida
281 2290 446 2355 permulcens
458 2289 568 2355 liquidis
578 2289 695 2358 uestigia
705 2288 823 2365 lymphis

154 2371 323 2420 purpureaue
335 2359 410 2404 tuom
422 2359 593 2404 consternens
605 2359 681 2404 ueste
692 2353 786 2405 cubile.
839 2416 846 2430 .

154 2419 202 2470 sed
213 2418 278 2485 quid
289 2435 338 2483 ego
349 2418 448 2483 ignaris
460 2418 623 2484 nequiquam
634 2433 779 2484 conqueror
789 2432 869 2477 anns,

154 2487 297 2534 externata
308 2483 386 2541 malo,
400 2498 470 2548 quae
480 2482 562 2532 nullis
573 2482 694 2533 sensibus
706 2485 802 2533 auctae
873 2479 918 2543 165

154 2562 205 2600 nec
213 2547 310 2598 missas
321 2547 414 2598 audire
425 2551 528 2612 queunt
538 2562 587 2598 nec
598 2546 708 2598 reddere
718 2549 815 2598 uoces?

182 2705 227 2749 138
235 2705 381 2750 mucrueere
388 2720 411 2760 u,
421 2704 542 2749 mmmm
552 2703 580 2759 0,
592 2703 710 2749 mitescere
720 2701 749 2747 G.
780 2700 823 2744 139
829 2697 919 2745 blondo

154 2764 184 2819 Ο,
200 2763 268 2809 nobie
287 2762 316 2808 G.
348 2763 392 2805 140
406 2775 456 2807 uon
472 2775 513 2807 neo
533 2762 563 2816 V,
581 2776 639 2807 corr.
657 2778 679 2806 s.
711 2761 796 2805 mirere
813 2758 843 2804 V.
875 2758 918 2800 118

154 2827 255 2868 mererere
264 2821 295 2876 V,
308 2835 366 2866 corr.
384 2820 511 2866 Ozwulina.
543 2821 586 2863 153
600 2821 692 2866 tritecto
702 2817 734 2875 V,
745 2819 837 2863 ennea
850 2815 916 2873 uulg.

155 2882 200 2926 1⁶4
210 2893 282 2926 auree
293 2879 322 2936 V,
334 2878 399 2925 unde
409 2881 491 2926 creme
501 2878 615 2926 Schwabe
624 2877 655 2925 al
686 2889 819 2935 cremerae
828 2875 859 2921 V.

1000 1839 1029 1872 υ.
