2428 3448
287 328 320 377 80
481 324 507 375 0.
536 323 682 375 VALEBI
702 323 867 375 CATVLLI

287 451 351 486 nam
362 450 457 499 magus
469 449 503 483 ex
514 437 600 484 matre
612 437 640 483 et
651 437 734 498 gnato
743 433 871 508 gignatur
881 437 994 498 oportet,

320 499 344 549 si
355 503 446 549 nerast
459 498 601 548 Persarum
613 497 698 562 impia
709 498 810 562 rehgro,

287 568 381 629 gratus
392 567 424 613 ut
435 567 544 628 accepto
555 565 699 612 ueneretur
710 561 827 612 earmina
838 561 916 612 diuos
1042 574 1057 628 5

319 631 457 679 omentum
468 627 497 678 in
508 626 618 678 flamma
628 626 728 692 pingue
739 625 922 692 liquefaciens.

646 814 674 866 X
697 815 712 866 Ι
839 846 842 851 ·

288 905 351 957 Non
361 904 430 966 ideo,
444 903 525 966 Gelli,
538 814 718 969 sperabamcte
728 903 797 954 mihi
807 903 893 955 fidum

320 970 349 1020 in
360 970 456 1020 misero
466 969 517 1020 hoe
528 972 627 1029 nostro,
640 967 691 1020 hoe
702 968 805 1034 perdito
817 984 906 1020 amore
917 967 981 1029 fore,

288 1034 361 1100 quod
371 1038 399 1085 te
410 1049 464 1084 non
475 1049 581 1084 nossem
592 1033 661 1084 bene
671 1037 874 1084 constantemue
903 1037 1008 1084 utarem

320 1103 369 1150 aut
380 1114 457 1164 posse
468 1114 485 1149 a
496 1097 570 1163 turpi
580 1101 700 1148 mentem
710 1097 830 1148 inhibere
842 1051 944 1163 prozm,

288 1163 336 1214 sed
346 1163 419 1230 quod
427 1178 476 1213 nee
486 1167 600 1213 matrem
611 1177 661 1213 nee
668 1177 824 1228 germanam
835 1178 892 1214 esse
903 1162 1029 1213 nidebam
1041 1171 1056 1228 5

320 1227 390 1278 hane
401 1227 460 1288 tibi,
473 1227 570 1293 quoius
581 1241 624 1276 me
635 1241 750 1292 magnus
761 1226 858 1277 edebat
868 1243 950 1278 amor.

288 1295 316 1344 et
327 1291 452 1357 quamuis
464 1296 554 1342 tecum
565 1289 652 1342 multo
664 1291 837 1356 coniungerer
848 1307 909 1352 nsu,

320 1372 373 1407 non
385 1355 451 1406 satis
462 1355 491 1405 id
503 1370 601 1406 eausae
611 1355 776 1406 credideram
787 1371 845 1406 esse
856 1355 914 1407 tibi.

288 1424 320 1471 tu
331 1421 398 1471 satis
409 1420 438 1470 id
450 1419 545 1472 duxti:
563 1423 672 1470 tentum
684 1419 736 1470 tibi
746 1419 877 1495 gaudium
887 1420 916 1470 in
927 1421 1000 1473 omni

319 1484 433 1551 culpant,
446 1484 475 1536 in
487 1500 657 1551 quacumque
669 1487 711 1536 est
721 1483 827 1551 ahquid
837 1485 951 1536 sceleris.
1027 1502 1058 1538 ro

633 1660 715 1713 XGIl

288 1749 386 1803 Lesbia
396 1751 434 1802 mi
445 1751 511 1802 dicit
522 1766 626 1816 semper
636 1751 707 1802 male
718 1766 768 1802 nee
778 1755 852 1803 tneet
862 1768 992 1819 nmquam

320 1816 354 1868 de
365 1831 424 1867 me:
443 1815 541 1867 Lesbia
551 1831 595 1866 me
606 1814 756 1891 dispeream
767 1815 820 1866 nisi
831 1823 913 1868 amat.

288 1896 341 1948 quo
352 1880 376 1931 si
413 1885 447 1931 ot
464 1880 529 1946 quia
540 1883 604 1930 sunt
616 1879 729 1931 totrdem
740 1896 817 1932 mea:
836 1881 961 1948 deprecor
971 1881 1049 1934 illam

319 1945 380 1997 adsi
398 1961 441 2006 ue,
455 1960 550 1996 nemm
561 1943 711 2010 dispeream
721 1944 775 1996 nisi
785 1960 855 1998 amo.

627 2120 724 2172 XCIII

288 2209 337 2262 Nil
347 2210 462 2262 nimium
473 2210 578 2272 studeo,
592 2210 700 2272 Caesar,
713 2210 765 2261 tibi
775 2210 847 2262 uelle
857 2211 970 2276 plaeere,

319 2291 368 2328 nee
379 2275 446 2327 seire
456 2280 549 2327 utrum
559 2275 597 2326 sis
608 2274 686 2326 albus
697 2291 733 2326 an
744 2281 804 2327 ater
813 2275 900 2328 homo.

316 2456 356 2502 Σο
370 2458 385 2502 t
398 2461 484 2514 pratea
498 2457 524 2504 L
541 2458 636 2515 MnelL,
646 2459 777 2517 pnetueV.
808 2457 860 2503 101
874 2459 889 2502 3
903 2473 953 2506 rum
966 2473 1057 2508 narsen

287 2517 388 2573 Anant„
401 2531 531 2573 eomwssem
541 2517 572 2574 V,
585 2518 639 2564 edd.
651 2533 704 2564 eom
720 2518 767 2564 lur.
798 2519 869 2564 daut
878 2519 909 2574 V,
922 2519 951 2563 ab
966 2519 1053 2566 Baehr.

287 2577 346 2622 dne
361 2590 390 2622 ue
405 2576 467 2632 qaod
481 2575 513 2632 V,
530 2590 590 2622 corr.
607 2593 630 2623 ω.
662 2576 684 2620 X
740 2576 1057 2635 detnato,de11ius(V11

287 2634 324 2691 16,
335 2590 367 2691 25,
379 2634 472 2681 aaroG.
504 2635 651 2703 8,ddesnnt
661 2635 688 2681 tn
695 2635 725 2692 G,
735 2635 889 2682 hebentOet
900 2636 999 2682 Gellius.
1030 2652 1053 2695 q.

287 2697 344 2739 araret
354 2693 383 2748 0,
394 2695 454 2750 quia
463 2693 504 2738 sin
513 2691 574 2748 (srue
582 2693 671 2751 quarti)
679 2692 715 2750 in)
724 2694 786 2740 Gell.
795 2693 863 2740 codd.
889 2709 975 2741 ueram
982 2695 1054 2752 Geli,

287 2765 346 2798 aero
357 2751 385 2798 0.
417 2749 493 2794 10111
503 2753 517 2794 2
526 2765 568 2798 rrae
578 2755 600 2798 aa'
611 2767 652 2798 ore
660 2759 745 2798 atrum
755 2755 776 2798 si
786 2754 913 2799 aatnuaan
922 2753 1011 2800 altat.
1022 2755 1054 2810 V,

287 2813 421 2856 correctum
429 2809 615 2866 eruintiliano
624 2811 662 2857 XI
672 2811 694 2868 1,
706 2811 735 2857 38
747 2811 833 2868 ‘negat
843 2826 868 2856 se
882 2814 963 2870 magni
977 2813 1057 2860 faeere

287 2868 374 2928 aliquis
383 2871 510 2927 poetarum
518 2871 603 2916 utrum
613 2869 701 2917 Gaesar
710 2875 763 2918 ater
773 2885 807 2917 an
816 2871 885 2917 altus
894 2871 963 2922 lemae
972 2869 1023 2919 sit’
