2438 3440
366 307 367 312 ,
439 265 691 318 enarrarre.
846 299 848 304 -
895 243 942 320 vis

173 372 279 425 Catullo
289 374 379 426 meriti
389 379 462 436 sunt,
472 391 507 426 ex
516 375 707 427 recentioribus
719 376 848 442 quosdam
858 376 935 429 breui

171 450 305 502 mentione
317 451 483 518 complectar.
513 452 616 503 codices
631 457 814 514 cxcusremnt,
829 457 934 519 praeter

171 542 233 578 eum
251 526 355 593 dequo
375 544 456 594 supra
476 527 534 578 dixi
555 528 585 578 L.
610 527 748 589 Schwabe,
769 532 797 579 et
818 529 886 580 Ellis
905 534 934 581 et

171 603 314 655 Baehrens.
330 604 495 656 coniecturas
502 604 620 654 uirorum
626 605 764 656 doctorum
770 605 934 672 collegerunt

170 679 250 741 idem,
262 679 391 750 plurimas
402 680 470 731 Ellis
481 684 518 742 ct,
531 680 555 730 si
565 680 601 731 ad
611 680 724 746 primam
735 682 934 748 secundamque

160 745 315 808 'editionem
334 757 489 823 respexeris,
512 757 648 809 Schwabe.
683 757 713 808 in
734 755 953 824 interpretando

116 865 119 874 .
170 834 238 885 Ellis
248 833 381 885 familiam
392 834 475 896 ducit,
489 849 538 885 nec
553 850 604 885 sua
619 833 700 886 laude
716 835 860 886 fraudandi
870 840 934 887 sunt

169 912 247 962 Aem.
261 911 397 962 Baehrens
416 914 444 962 et
459 910 615 962 Alexander
632 911 719 962 Riese.
750 911 793 962 his
804 913 933 976 accedant

170 988 217 1054 qni
231 991 338 1040 textum
352 991 460 1038 tantum
474 991 672 1048 recensuerunt,
685 987 714 1039 L.
733 987 856 1050 Mueller,
873 988 930 1039 Ioh.

169 1065 284 1124 Vahlen,
298 1063 471 1129 Hauptianae
487 1063 637 1129 elegantiae
651 1068 827 1125 conservator,
842 1068 870 1116 et
886 1066 934 1130 qui

169 1157 254 1207 nuper
263 1141 298 1192 de
312 1140 371 1191 uita
387 1139 497 1201 Catulli,
510 1144 542 1190 ut
557 1139 612 1192 alia
629 1140 760 1202 omittam,
773 1141 802 1190 in
816 1140 932 1206 prolego-

169 1217 255 1268 menis
272 1216 360 1267 multa
381 1215 449 1267 bene
471 1215 605 1278 dissentit,
627 1216 778 1268 Bernardus
800 1217 929 1268 Schmidt.

169 1292 347 1345 Munronem¹
367 1307 421 1343 non
443 1292 606 1344 admonendi
628 1297 692 1344 sunt
715 1295 748 1343 ut
771 1292 864 1358 legant
885 1293 933 1360 qui

169 1369 271 1422 Catulli
281 1373 331 1421 aut
341 1373 405 1420 sunt
415 1373 465 1420 aut
476 1369 588 1435 cupiunt
599 1370 661 1420 esso
667 1373 807 1420 amatores.

202 1447 279 1509 Quod
289 1446 325 1498 ad
336 1462 384 1496 nos
395 1445 502 1506 attinet,
512 1461 582 1512 quae
593 1445 627 1496 de
638 1446 747 1497 Catullo
755 1445 842 1497 dicere
852 1445 932 1498 habe·

168 1524 272 1584 hamus,
281 1523 310 1573 in
317 1523 486 1589 Mnemosyne
492 1522 528 1573 N.
538 1522 592 1572 Ser.
602 1533 655 1573 xlv
662 1539 705 1588 pp.
715 1525 763 1574 433
770 1527 798 1572 at
804 1523 832 1572 in
837 1523 933 1584 Diario
1025 1584 1027 1590 Ι

169 1601 332 1666 Philolopc'co
344 1599 473 1663 (Journal
483 1599 516 1664 of
521 1599 672 1665 Philolopy)
684 1611 749 1651 xvrl
759 1616 802 1665 pp.
816 1602 932 1662 aro-267,

168 1689 247 1728 xvm
260 1693 306 1743 pp.
323 1679 428 1726 145-149
444 1675 569 1726 diximus.
604 1691 672 1741 quae
689 1676 933 1728 animaduersiones

168 1753 252 1804 uelim
259 1753 312 1819 ipsi
319 1751 411 1818 legant
420 1767 508 1817 neque
516 1751 551 1802 ab
559 1751 620 1802 aliis
628 1751 763 1817 accipiant
774 1752 821 1818 qui
828 1757 933 1804 nostras

169 1825 368 1882 emendationes
390 1827 487 1894 quibus
512 1827 661 1878 rationibus
684 1827 857 1879 confirmatae
878 1828 934 1880 sint

157 1921 324 1972 ,cognoscere
335 1904 488 1966 uoluerint;
504 1904 599 1955 ceteris
615 1904 682 1954 satis
696 1920 827 1969 superque
839 1905 934 1956 datum

169 1981 337 2042 existimabo
355 1979 518 2032 enumeratis
534 1979 568 2031 de
589 1979 687 2045 quibus
703 1979 842 2044 disputaui
857 1980 931 2032 locis.

169 2057 934 2120 suntantemhi218;28;67;1024;227;29202‚23;

168 2140 263 2198 3113;
278 2137 355 2197 369;
372 2137 403 2186 38
420 2137 454 2195 2;
472 2137 513 2195 (39
530 2137 589 2195 11);
604 2134 824 2196 458,a,17,18;
840 2136 934 2196 553ος

198 2335 209 2368 ²
225 2337 358 2386 Oriticima
367 2337 417 2382 aad
427 2335 596 2382 Morituros
605 2334 633 2392 of
643 2334 760 2392 Catullus,
772 2335 837 2385 1878.

101 2435 105 2440 ›
197 2409 261 2455 ²De
279 2408 332 2454 loco
351 2406 490 2453 difficillimo
509 2405 551 2464 qui
567 2405 594 2451 in
608 2405 676 2452 codd.
693 2405 728 2451 sic
743 2406 832 2464 legItur
853 2403 935 2453 ‘huno

169 2479 255 2538 galline
264 2479 336 2525 timet
345 2481 371 2524 et
380 2473 509 2524 britannie'
518 2476 558 2522 hic
572 2476 651 2522 dicam
665 2475 730 2534 quod
741 2476 767 2522 in
778 2477 935 2523 adnotatione

169 2550 298 2598 dicendum
308 2552 367 2605 crat,
376 2547 582 2594 Baehrensianum
591 2546 653 2592 illud
662 2549 720 2603 ciac,
730 2547 840 2604 quamuis
847 2561 862 2593 a
868 2547 934 2593 litte-

168 2635 251 2668 rarum
268 2620 344 2666 ductu
359 2619 454 2676 longius
473 2618 537 2665 absit
555 2631 628 2675 quam
645 2617 710 2675 quod
727 2617 774 2674 ipsi
791 2616 935 2664 coniecimus

169 2693 264 2750 hittone,
279 2694 362 2737 tamen
379 2704 407 2735 eo
424 2688 607 2748 praeferendum
623 2701 675 2733 esse
691 2701 756 2732 nunc
770 2700 854 2732 censeo
870 2689 935 2745 qnod

170 2763 265 2821 saepius
274 2761 300 2807 in
309 2761 353 2806 illo
360 2760 435 2807 narbo
445 2773 519 2818 quam
533 2759 559 2805 in
573 2759 618 2804 hoc
633 2758 727 2804 uocales
737 2773 753 2805 a
761 2758 839 2816 poetis
848 2758 934 2806 distra-

170 2833 271 2879 huntur.
302 2831 332 2877 de
341 2833 424 2877 nostro
434 2831 521 2876 ultim
530 2829 593 2876 conf.
606 2830 766 2885 Maroneo,
778 2827 823 2875 loc.
835 2829 903 2876 citat.
