2428 3448
386 293 562 346 OARMINA
586 293 688 346 LXVI
888 295 920 346 65

151 408 200 460 sed
211 423 376 474 quamquam
386 421 430 456 me
441 408 519 456 noete
530 407 656 480 premunt
666 404 783 470 uestigia
794 404 895 466 diuum,
983 397 985 402 ’

184 473 235 523 lux
246 476 338 523 autem
350 486 433 521 osnes
445 469 514 520 Teth
554 470 683 532 restituit,
719 480 720 483 ’
889 481 921 532 70

153 553 218 604 paee
229 539 279 587 tua
289 535 341 592 ieri
351 535 395 586 hie
406 535 495 595 liceat,
534 533 678 585 hamnusia
689 533 775 600 uirgo,

185 616 302 666 namque
313 616 328 651 e
373 615 427 650 non
438 599 495 649 ullo
505 613 570 649 uers
580 599 676 649 timore
687 603 787 664 tegam,

152 681 202 717 nee
213 665 237 716 si
247 681 291 716 me
302 664 330 714 in
343 664 407 715 estis
420 663 571 729 discerpent
581 663 670 714 sidera
680 663 768 725 dietis,

186 729 294 781 condite
305 729 372 796 quin
382 728 456 780 nerei
500 727 579 778 eteris
591 727 743 790 suoluam):

153 810 207 846 non
219 794 261 845 his
273 798 330 844 tam
341 793 427 844 laetor
436 809 464 844 re
482 808 523 852 us,
533 808 615 858 quam
625 806 669 843 me
681 792 753 844 afore
764 807 875 858 semper,
890 805 903 856 7
907 803 920 858 5

186 859 259 910 afore
269 874 313 908 me
324 875 341 908 a
352 857 476 908 domines
487 856 588 908 uertice
600 855 751 917 discrucior,

154 923 264 990 quicum
275 938 332 988 ego,
345 922 412 972 dum
422 922 498 987 uirgo
509 921 563 972 tuit
573 921 696 972 omnibus
708 922 818 987 explens

186 987 332 1053 unguentis
343 1003 377 1047 se,
390 1002 446 1036 una
457 985 533 1036 milis
543 985 631 1036 multa
641 984 705 1036 bibi.

154 1059 227 1102 nune
237 1067 286 1102 uos
297 1055 391 1116 optato
402 1067 482 1126 quom
493 1050 584 1100 iunxit
594 1050 696 1100 lumine
709 1049 798 1113 taeda,

186 1132 241 1167 non
251 1115 326 1181 prius
337 1115 472 1166 unaunnis
484 1131 592 1180 corpora
603 1115 681 1165 eoniu
702 1114 761 1166 'bus
890 1115 923 1166 80

155 1180 255 1231 tradite
265 1180 400 1231 nudantes
411 1180 510 1230 reiecta
521 1183 598 1230 ueste
627 1179 670 1244 ap‘
711 1196 732 1240 s,

188 1261 270 1310 quum
280 1244 399 1297 ineunda
409 1244 476 1294 mihi
487 1260 599 1294 munere
609 1196 676 1294 iibet
687 1259 768 1310 onyx,

154 1313 246 1360 noster
256 1325 337 1375 onyrr,
350 1313 424 1360 cesto
436 1309 522 1360 eolit'rs
534 1325 603 1374 quae
614 1309 674 1359 iura
685 1309 773 1360 cubili.

187 1373 235 1424 sed
246 1389 355 1440 quaese
366 1373 461 1439 inpuro
473 1373 548 1424 dedit
559 1373 700 1434 adulteri0,

155 1437 238 1500 illius,
251 1454 276 1500 a,
289 1438 362 1489 mala
373 1438 444 1488 done
454 1437 522 1488 leuis
534 1437 610 1488 bibat
620 1437 697 1488 irrite
707 1437 814 1504 puluis:
891 1438 921 1503 85

188 1518 305 1568 namque
316 1517 365 1568 ego
376 1502 411 1553 ab
422 1502 554 1568 indigneis
565 1501 685 1568 praemis
695 1502 772 1553 nulla
782 1507 851 1568 peto.

156 1567 203 1618 sed
214 1567 309 1632 magis,
323 1583 339 1618 ο
350 1571 459 1632 nuptae,
472 1583 528 1617 sem
548 1583 576 1617 er
587 1567 727 1618 eoncordia
738 1572 842 1619 uostrss

156 1699 168 1746 t
187 1647 291 1697 semper
302 1647 376 1707 amor
386 1632 463 1746 spdes
473 1583 720 1746 incAEatddSidilios'

169 1712 188 1746 u
198 1711 270 1757 uero,
283 1711 311 1746 re
359 1712 384 1756 a,
410 1712 477 1746 uens
488 1712 550 1746 eum
561 1711 584 1746 sr
604 1711 649 1746 era
688 1711 753 1746 uem

188 1759 307 1826 placabis
330 1760 394 1810 estis
405 1759 553 1811 luminibus
566 1759 705 1821 Venerem,
892 1774 925 1823 90

156 1825 283 1890 unguinis
295 1829 432 1890 expertem
443 1840 477 1875 ne
488 1824 548 1875 siris
559 1840 617 1874 esse
627 1828 705 1874 tuem
715 1839 767 1886 me,

189 1889 236 1939 sed
246 1889 336 1955 potius
347 1889 430 1954 largis
441 1889 525 1940 adfine
535 1888 698 1939 muneribus.

156 1952 245 2004 sidera
255 1969 303 2004 eur
313 1953 448 2004 retinent?
464 1953 563 2003 iterum
573 1968 649 2004 coma
659 1951 734 2018 regia
743 1951 822 2006 fiam:

147 2053 149 2058 .
188 2018 325 2084 proximus
337 2017 492 2084 Hydrochoi
502 2017 617 2083 fulgeret
629 2017 744 2070 Oarion!

185 2157 215 2201 '1⁰
229 2157 423 2203 aut-restituem
437 2156 469 2213 V,
481 2161 560 2202 aetem
575 2172 598 2212 ω,
614 2156 720 2202 restituit
734 2154 805 2201 Lseh.
837 2156 867 2200 74
881 2158 925 2213 qui

155 2227 213 2262 uere
223 2229 248 2272 p.
266 2216 348 2262 attolus
362 2214 394 2271 V,
406 2217 466 2272 quin
480 2217 534 2261 ueri
546 2216 621 2272 rueret
635 2213 720 2270 Lech.)
731 2229 757 2271 p.
775 2214 884 2260 euetuaan
899 2231 922 2269 s,

157 2286 220 2330 quae
234 2275 289 2320 ueri
299 2288 325 2331 p.
343 2274 426 2320 enolto
440 2273 527 2320 Bsehr.
559 2275 595 2329 77,
607 2273 637 2318 78
651 2273 746 2329 eropum
760 2275 925 2328 resipueritis

156 2329 539 2389 DoeringtunpuertttsreMunm),
546 2331 794 2389 empersunpmtsV,
801 2331 923 2387 Schwabe,

156 2389 225 2446 uuis,
237 2403 335 2447 experta
344 2392 474 2446 unquentis
488 2391 583 2446 Heius,
599 2389 696 2445 mehr„
712 2402 794 2446 expers
807 2391 926 2446 unquenti

157 2449 229 2496 Serti
243 2447 304 2506 (dei)
319 2449 476 2495 Passeratius.
515 2450 543 2493 79
558 2462 633 2506 quum
647 2448 793 2495 Oorrudinus
806 2448 836 2494 de
850 2449 923 2503 Atlio,

157 2507 372 2564 quemV,quasoe.
404 2509 434 2552 80
445 2507 664 2564 prtmoe‚postV;
683 2506 715 2552 ef.
732 2506 815 2552 LXIV
828 2506 864 2552 11.
896 2507 926 2550 83

157 2566 237 2612 colitis
254 2565 284 2621 V,
298 2567 381 2622 petitis
395 2566 419 2611 D
439 2579 494 2612 eum
508 2565 652 2624 quibusdum
666 2565 727 2612 aliis.
765 2565 795 2609 86
811 2565 926 2622 indiserte

158 2625 188 2680 G,
200 2624 337 2680 indurate
347 2624 368 2670 0
378 2623 443 2670 unde
456 2625 579 2682 tpdtpmts
593 2638 637 2670 nos
647 2622 766 2681 (indipntr
780 2623 865 2680 uulg.).
896 2625 925 2667 91

157 2683 287 2738 samnitis
297 2682 328 2737 V,
340 2697 398 2729 corr.
416 2683 497 2730 BentL
528 2683 640 2739 esseut,
652 2682 741 2728 nunV.
772 2683 927 2740 strtanupt

158 2737 256 2797 (stum
271 2738 352 2797 Soet).
383 2742 412 2784 92
422 2741 482 2799 effice
491 2740 522 2787 V.
554 2743 584 2786 93
599 2741 635 2788 its
650 2739 815 2788 Marklandus.
847 2754 864 2786 s.
882 2755 926 2786 eur

157 2801 244 2845 iterent
250 2798 356 2856 utinutm
362 2798 394 2856 G)
402 2813 495 2846 owner.
504 2799 526 2856 f.
535 2799 567 2857 V,
580 2813 598 2847 s.
609 2801 845 2846 emissenam
851 2799 923 2847 Lseh.

158 2858 189 2902 ⁹4
193 2857 299 2916 subpetat
308 2857 395 2906 Baehr.
407 2857 472 2918 quod
481 2858 546 2906 idem
555 2861 594 2906 est
603 2857 746 2917 sefutperet.
