<?xml version="1.0" encoding="UTF-8"?>
<!DOCTYPE html PUBLIC "-//W3C//DTD XHTML 1.0 Transitional//EN"
    "http://www.w3.org/TR/xhtml1/DTD/xhtml1-transitional.dtd">
<html xmlns="http://www.w3.org/1999/xhtml" xml:lang="en" lang="en">
 <head>
  <title>
</title>
<meta http-equiv="Content-Type" content="text/html;charset=utf-8" />
  <meta name='ocr-system' content='tesseract 3.04.00' />
  <meta name='ocr-capabilities' content='ocr_page ocr_carea ocr_par ocr_line ocrx_word'/>
</head>
<body>
  <div class='ocr_page' id='page_1' title='image "./carmina00postgoog_0044.png"; bbox 0 0 2438 3440; ppageno 0'>
   <div class='ocr_carea' id='block_1_1' title="bbox 301 302 775 372">
    <p class='ocr_par' dir='ltr' id='par_1_1' title="bbox 301 302 775 372">
     <span class='ocr_line' id='line_1_1' title="bbox 301 302 775 372; baseline -0.006 -15"><span class='ocrx_word' id='word_1_1' title='bbox 301 304 476 358; x_wconf 79' lang='lat' dir='ltr'><em>CARMINA</em></span> <span class='ocrx_word' id='word_1_2' title='bbox 499 302 775 372; x_wconf 70' lang='lat' dir='ltr'><em>XXXIX—XLIII</em></span> 
     </span>
    </p>
   </div>
   <div class='ocr_carea' id='block_1_2' title="bbox 75 427 725 1782">
    <p class='ocr_par' dir='ltr' id='par_1_2' title="bbox 147 427 721 1138">
     <span class='ocr_line' id='line_1_2' title="bbox 147 427 623 480; baseline -0.002 -1"><span class='ocrx_word' id='word_1_3' title='bbox 147 432 220 480; x_wconf 87' lang='lat' dir='ltr'><strong>etue</strong></span> <span class='ocrx_word' id='word_1_4' title='bbox 256 431 268 478; x_wconf 87' lang='lat' dir='ltr'><strong>t</strong></span> <span class='ocrx_word' id='word_1_5' title='bbox 279 427 346 478; x_wconf 89' lang='lat' dir='ltr'><strong>mihi</strong></span> <span class='ocrx_word' id='word_1_6' title='bbox 356 430 447 478; x_wconf 88' lang='lat' dir='ltr'><strong>uestra</strong></span> <span class='ocrx_word' id='word_1_7' title='bbox 457 427 623 478; x_wconf 79' lang='lat' dir='ltr'><strong>reddituram</strong></span> 
     </span>
     <span class='ocr_line' id='line_1_3' title="bbox 148 491 533 559; baseline 0 -17"><span class='ocrx_word' id='word_1_8' title='bbox 148 508 185 559; x_wconf 91' lang='lat' dir='ltr'><strong>pu</strong></span> <span class='ocrx_word' id='word_1_9' title='bbox 205 492 211 503; x_wconf 86' lang='lat'>&#39;</span> <span class='ocrx_word' id='word_1_10' title='bbox 234 492 299 553; x_wconf 88' lang='lat' dir='ltr'><strong>aria,</strong></span> <span class='ocrx_word' id='word_1_11' title='bbox 312 491 336 542; x_wconf 90' lang='lat' dir='ltr'><strong>si</strong></span> <span class='ocrx_word' id='word_1_12' title='bbox 345 492 404 558; x_wconf 89' lang='lat' dir='ltr'><strong>pati</strong></span> <span class='ocrx_word' id='word_1_13' title='bbox 414 492 533 558; x_wconf 90' lang='lat' dir='ltr'><strong>potestis.</strong></span> 
     </span>
     <span class='ocr_line' id='line_1_4' title="bbox 148 555 656 623; baseline -0.004 -15"><span class='ocrx_word' id='word_1_14' title='bbox 148 572 339 623; x_wconf 75' lang='lat' dir='ltr'><strong>persequamur</strong></span> <span class='ocrx_word' id='word_1_15' title='bbox 349 572 417 617; x_wconf 88' lang='lat' dir='ltr'><strong>cam,</strong></span> <span class='ocrx_word' id='word_1_16' title='bbox 430 560 458 607; x_wconf 91' lang='lat' dir='ltr'><strong>et</strong></span> <span class='ocrx_word' id='word_1_17' title='bbox 468 555 656 622; x_wconf 82' lang='lat' dir='ltr'><strong>reflagitemus.</strong></span> 
     </span>
     <span class='ocr_line' id='line_1_5' title="bbox 149 619 721 687; baseline -0.002 -16"><span class='ocrx_word' id='word_1_18' title='bbox 149 620 274 687; x_wconf 83' lang='lat' dir='ltr'><strong>quaesit,</strong></span> <span class='ocrx_word' id='word_1_19' title='bbox 305 620 424 671; x_wconf 89' lang='lat' dir='ltr'><strong>uaeritis.</strong></span> <span class='ocrx_word' id='word_1_20' title='bbox 459 620 515 681; x_wconf 84' lang='lat' dir='ltr'><strong>illa,</strong></span> <span class='ocrx_word' id='word_1_21' title='bbox 529 637 610 686; x_wconf 88' lang='lat' dir='ltr'><strong>quarn</strong></span> <span class='ocrx_word' id='word_1_22' title='bbox 621 619 721 670; x_wconf 84' lang='lat' dir='ltr'><strong>uidetis</strong></span> 
     </span>
     <span class='ocr_line' id='line_1_6' title="bbox 148 638 650 751; baseline 0 -15"><span class='ocrx_word' id='word_1_23' title='bbox 148 690 227 751; x_wconf 80' lang='lat' dir='ltr'><strong>turpe</strong></span> <span class='ocrx_word' id='word_1_24' title='bbox 238 638 367 746; x_wconf 72' lang='lat' dir='ltr'><strong>inoeqdere</strong></span> <span class='ocrx_word' id='word_1_25' title='bbox 381 683 486 736; x_wconf 90' lang='lat' dir='ltr'><strong>mimice</strong></span> <span class='ocrx_word' id='word_1_26' title='bbox 497 701 528 736; x_wconf 89' lang='lat' dir='ltr'><strong>ac</strong></span> <span class='ocrx_word' id='word_1_27' title='bbox 539 685 650 736; x_wconf 80' lang='lat' dir='ltr'><strong>moleste</strong></span> 
     </span>
     <span class='ocr_line' id='line_1_7' title="bbox 148 749 582 801; baseline 0.002 -2"><span class='ocrx_word' id='word_1_28' title='bbox 148 749 281 800; x_wconf 87' lang='lat' dir='ltr'><strong>ridentem</strong></span> <span class='ocrx_word' id='word_1_29' title='bbox 291 749 376 801; x_wconf 90' lang='lat' dir='ltr'><strong>catuli</strong></span> <span class='ocrx_word' id='word_1_30' title='bbox 386 765 430 800; x_wconf 89' lang='lat' dir='ltr'><strong>ore</strong></span> <span class='ocrx_word' id='word_1_31' title='bbox 441 749 582 800; x_wconf 86' lang='lat' dir='ltr'><strong>Gallicani.</strong></span> 
     </span>
     <span class='ocr_line' id='line_1_8' title="bbox 149 813 624 879; baseline 0.002 -15"><span class='ocrx_word' id='word_1_32' title='bbox 149 814 337 864; x_wconf 81' lang='lat' dir='ltr'><strong>circumsistite</strong></span> <span class='ocrx_word' id='word_1_33' title='bbox 348 830 408 865; x_wconf 89' lang='lat' dir='ltr'><strong>eam</strong></span> <span class='ocrx_word' id='word_1_34' title='bbox 418 818 446 864; x_wconf 90' lang='lat' dir='ltr'><strong>et</strong></span> <span class='ocrx_word' id='word_1_35' title='bbox 456 813 624 879; x_wconf 83' lang='lat' dir='ltr'><strong>reflagitate:</strong></span> 
     </span>
     <span class='ocr_line' id='line_1_9' title="bbox 152 877 640 944; baseline 0 -16"><span class='ocrx_word' id='word_1_36' title='bbox 152 878 279 928; x_wconf 89' lang='lat' dir='ltr'><strong>‘moecha</strong></span> <span class='ocrx_word' id='word_1_37' title='bbox 288 879 392 944; x_wconf 89' lang='lat' dir='ltr'><strong>putida,</strong></span> <span class='ocrx_word' id='word_1_38' title='bbox 405 879 486 929; x_wconf 88' lang='lat' dir='ltr'><strong>redde</strong></span> <span class='ocrx_word' id='word_1_39' title='bbox 497 877 640 939; x_wconf 88' lang='lat' dir='ltr'><strong>codicillos,</strong></span> 
     </span>
     <span class='ocr_line' id='line_1_10' title="bbox 149 941 642 1018; baseline -0.004 -24"><span class='ocrx_word' id='word_1_40' title='bbox 149 943 238 1004; x_wconf 90' lang='lat' dir='ltr'><strong>redde,</strong></span> <span class='ocrx_word' id='word_1_41' title='bbox 251 943 347 1018; x_wconf 86' lang='lat' dir='ltr'><strong>putida</strong></span> <span class='ocrx_word' id='word_1_42' title='bbox 357 942 475 1003; x_wconf 90' lang='lat' dir='ltr'><strong>moecha,</strong></span> <span class='ocrx_word' id='word_1_43' title='bbox 488 941 642 993; x_wconf 66' lang='lat' dir='ltr'><strong>codicillos)</strong></span> 
     </span>
     <span class='ocr_line' id='line_1_11' title="bbox 149 1006 653 1072; baseline -0.002 -15"><span class='ocrx_word' id='word_1_44' title='bbox 149 1023 203 1058; x_wconf 87' lang='lat' dir='ltr'><strong>non</strong></span> <span class='ocrx_word' id='word_1_45' title='bbox 214 1023 281 1058; x_wconf 84' lang='lat' dir='ltr'><strong>assrs</strong></span> <span class='ocrx_word' id='word_1_46' title='bbox 293 1007 379 1057; x_wconf 78' lang='lat' dir='ltr'><strong>facis?</strong></span> <span class='ocrx_word' id='word_1_47' title='bbox 394 1022 410 1057; x_wconf 94' lang='lat' dir='ltr'><strong>o</strong></span> <span class='ocrx_word' id='word_1_48' title='bbox 421 1007 518 1068; x_wconf 89' lang='lat' dir='ltr'><strong>lutum,</strong></span> <span class='ocrx_word' id='word_1_49' title='bbox 531 1006 653 1072; x_wconf 76' lang='lat' dir='ltr'><strong>lupanar,</strong></span> 
     </span>
     <span class='ocr_line' id='line_1_12' title="bbox 150 1069 613 1138; baseline -0.002 -17"><span class='ocrx_word' id='word_1_50' title='bbox 150 1075 199 1122; x_wconf 90' lang='lat' dir='ltr'><strong>aut</strong></span> <span class='ocrx_word' id='word_1_51' title='bbox 210 1071 234 1122; x_wconf 89' lang='lat' dir='ltr'><strong>si</strong></span> <span class='ocrx_word' id='word_1_52' title='bbox 244 1071 374 1138; x_wconf 88' lang='lat' dir='ltr'><strong>perditius</strong></span> <span class='ocrx_word' id='word_1_53' title='bbox 385 1075 460 1137; x_wconf 86' lang='lat' dir='ltr'><strong>potes</strong></span> <span class='ocrx_word' id='word_1_54' title='bbox 472 1069 537 1136; x_wconf 90' lang='lat' dir='ltr'><strong>quid</strong></span> <span class='ocrx_word' id='word_1_55' title='bbox 548 1086 613 1121; x_wconf 89' lang='lat' dir='ltr'><strong>esse.</strong></span> 
     </span>
    </p>

    <p class='ocr_par' dir='ltr' id='par_1_3' title="bbox 75 1134 725 1782">
     <span class='ocr_line' id='line_1_13' title="bbox 75 1134 725 1186; baseline -0.002 0"><span class='ocrx_word' id='word_1_56' title='bbox 75 1137 78 1146; x_wconf 87' lang='lat'>&#39;</span> <span class='ocrx_word' id='word_1_57' title='bbox 149 1136 197 1186; x_wconf 89' lang='lat' dir='ltr'><strong>sed</strong></span> <span class='ocrx_word' id='word_1_58' title='bbox 208 1151 262 1186; x_wconf 91' lang='lat' dir='ltr'><strong>non</strong></span> <span class='ocrx_word' id='word_1_59' title='bbox 273 1139 315 1186; x_wconf 86' lang='lat' dir='ltr'><strong>cst</strong></span> <span class='ocrx_word' id='word_1_60' title='bbox 326 1139 417 1186; x_wconf 86' lang='lat' dir='ltr'><strong>tamen</strong></span> <span class='ocrx_word' id='word_1_61' title='bbox 427 1135 478 1186; x_wconf 93' lang='lat' dir='ltr'><strong>hoc</strong></span> <span class='ocrx_word' id='word_1_62' title='bbox 488 1135 555 1186; x_wconf 87' lang='lat' dir='ltr'><strong>satis</strong></span> <span class='ocrx_word' id='word_1_63' title='bbox 584 1134 725 1186; x_wconf 78' lang='lat' dir='ltr'><strong>utendum.</strong></span> 
     </span>
     <span class='ocr_line' id='line_1_14' title="bbox 149 1199 657 1314; baseline 0.002 -65"><span class='ocrx_word' id='word_1_64' title='bbox 149 1200 222 1314; x_wconf 46' lang='lat' dir='ltr'><strong>{puori</strong></span> <span class='ocrx_word' id='word_1_65' title='bbox 233 1200 257 1251; x_wconf 91' lang='lat' dir='ltr'><strong>si</strong></span> <span class='ocrx_word' id='word_1_66' title='bbox 268 1216 324 1250; x_wconf 87' lang='lat' dir='ltr'><strong>nou</strong></span> <span class='ocrx_word' id='word_1_67' title='bbox 332 1199 407 1251; x_wconf 90' lang='lat' dir='ltr'><strong>aliud</strong></span> <span class='ocrx_word' id='word_1_68' title='bbox 418 1204 480 1266; x_wconf 91' lang='lat' dir='ltr'><strong>pote</strong></span> <span class='ocrx_word' id='word_1_69' title='bbox 492 1204 523 1250; x_wconf 90' lang='lat' dir='ltr'><strong>ut</strong></span> <span class='ocrx_word' id='word_1_70' title='bbox 534 1215 566 1249; x_wconf 90' lang='lat' dir='ltr'><strong>ru</strong></span> <span class='ocrx_word' id='word_1_71' title='bbox 601 1215 657 1250; x_wconf 89' lang='lat' dir='ltr'><strong>rern</strong></span> 
     </span>
     <span class='ocr_line' id='line_1_15' title="bbox 162 1264 574 1330; baseline -0.002 -15"><span class='ocrx_word' id='word_1_72' title='bbox 162 1280 234 1315; x_wconf 91' lang='lat' dir='ltr'><strong>erreo</strong></span> <span class='ocrx_word' id='word_1_73' title='bbox 244 1265 318 1315; x_wconf 88' lang='lat' dir='ltr'><strong>oanis</strong></span> <span class='ocrx_word' id='word_1_74' title='bbox 330 1264 510 1330; x_wconf 86' lang='lat' dir='ltr'><strong>exprimamus</strong></span> <span class='ocrx_word' id='word_1_75' title='bbox 521 1279 574 1326; x_wconf 89' lang='lat' dir='ltr'><strong>ore,</strong></span> 
     </span>
     <span class='ocr_line' id='line_1_16' title="bbox 150 1328 623 1380; baseline 0.004 -2"><span class='ocrx_word' id='word_1_76' title='bbox 150 1329 315 1380; x_wconf 85' lang='lat' dir='ltr'><strong>conclamate</strong></span> <span class='ocrx_word' id='word_1_77' title='bbox 326 1329 425 1379; x_wconf 89' lang='lat' dir='ltr'><strong>iterum</strong></span> <span class='ocrx_word' id='word_1_78' title='bbox 435 1328 529 1380; x_wconf 87' lang='lat' dir='ltr'><strong>altiore</strong></span> <span class='ocrx_word' id='word_1_79' title='bbox 540 1343 606 1379; x_wconf 84' lang='lat' dir='ltr'><strong>uoce</strong></span> <span class='ocrx_word' id='word_1_80' title='bbox 617 1348 623 1380; x_wconf 91' lang='lat'><strong>:</strong></span> 
     </span>
     <span class='ocr_line' id='line_1_17' title="bbox 152 1392 638 1458; baseline 0 -15"><span class='ocrx_word' id='word_1_81' title='bbox 152 1393 277 1444; x_wconf 88' lang='lat' dir='ltr'><strong>‘moecha</strong></span> <span class='ocrx_word' id='word_1_82' title='bbox 287 1392 391 1458; x_wconf 86' lang='lat' dir='ltr'><strong>putida,</strong></span> <span class='ocrx_word' id='word_1_83' title='bbox 404 1393 485 1444; x_wconf 87' lang='lat' dir='ltr'><strong>redde</strong></span> <span class='ocrx_word' id='word_1_84' title='bbox 495 1392 638 1454; x_wconf 81' lang='lat' dir='ltr'><strong>codicillos,</strong></span> 
     </span>
     <span class='ocr_line' id='line_1_18' title="bbox 149 1456 644 1523; baseline 0 -15"><span class='ocrx_word' id='word_1_85' title='bbox 149 1457 239 1518; x_wconf 89' lang='lat' dir='ltr'><strong>redde,</strong></span> <span class='ocrx_word' id='word_1_86' title='bbox 253 1457 349 1523; x_wconf 85' lang='lat' dir='ltr'><strong>putida</strong></span> <span class='ocrx_word' id='word_1_87' title='bbox 359 1457 477 1518; x_wconf 86' lang='lat' dir='ltr'><strong>moecha,</strong></span> <span class='ocrx_word' id='word_1_88' title='bbox 491 1456 644 1508; x_wconf 64' lang='lat' dir='ltr'><strong>codicillos!</strong></span> 
     </span>
     <span class='ocr_line' id='line_1_19' title="bbox 150 1521 640 1582; baseline -0.002 -10"><span class='ocrx_word' id='word_1_89' title='bbox 150 1521 197 1572; x_wconf 89' lang='lat' dir='ltr'><strong>sed</strong></span> <span class='ocrx_word' id='word_1_90' title='bbox 208 1522 248 1572; x_wconf 91' lang='lat' dir='ltr'><strong>nil</strong></span> <span class='ocrx_word' id='word_1_91' title='bbox 276 1521 418 1582; x_wconf 84' lang='lat' dir='ltr'><strong>rolicimus,</strong></span> <span class='ocrx_word' id='word_1_92' title='bbox 430 1521 499 1571; x_wconf 90' lang='lat' dir='ltr'><strong>nihil</strong></span> <span class='ocrx_word' id='word_1_93' title='bbox 510 1526 640 1572; x_wconf 88' lang='lat' dir='ltr'><strong>mouetur.</strong></span> 
     </span>
     <span class='ocr_line' id='line_1_20' title="bbox 150 1585 643 1651; baseline 0.002 -16"><span class='ocrx_word' id='word_1_94' title='bbox 150 1589 245 1636; x_wconf 88' lang='lat' dir='ltr'><strong>mutan</strong></span> <span class='ocrx_word' id='word_1_95' title='bbox 265 1590 308 1636; x_wconf 86' lang='lat' dir='ltr'><strong>ast</strong></span> <span class='ocrx_word' id='word_1_96' title='bbox 319 1585 388 1636; x_wconf 87' lang='lat' dir='ltr'><strong>ratio</strong></span> <span class='ocrx_word' id='word_1_97' title='bbox 399 1585 546 1651; x_wconf 87' lang='lat' dir='ltr'><strong>modusque</strong></span> <span class='ocrx_word' id='word_1_98' title='bbox 557 1585 643 1647; x_wconf 90' lang='lat' dir='ltr'><strong>nobis,</strong></span> 
     </span>
     <span class='ocr_line' id='line_1_21' title="bbox 150 1649 639 1716; baseline 0 -16"><span class='ocrx_word' id='word_1_99' title='bbox 150 1649 240 1715; x_wconf 87' lang='lat' dir='ltr'><strong>siquid</strong></span> <span class='ocrx_word' id='word_1_100' title='bbox 250 1651 375 1716; x_wconf 85' lang='lat' dir='ltr'><strong>proficere</strong></span> <span class='ocrx_word' id='word_1_101' title='bbox 385 1650 500 1716; x_wconf 89' lang='lat' dir='ltr'><strong>amplius</strong></span> <span class='ocrx_word' id='word_1_102' title='bbox 511 1650 622 1716; x_wconf 86' lang='lat' dir='ltr'><strong>potestis</strong></span> <span class='ocrx_word' id='word_1_103' title='bbox 632 1670 639 1701; x_wconf 73' lang='grc' dir='ltr'><strong>ε</strong></span> 
     </span>
     <span class='ocr_line' id='line_1_22' title="bbox 153 1713 653 1782; baseline 0 -16"><span class='ocrx_word' id='word_1_104' title='bbox 153 1714 267 1781; x_wconf 85' lang='lat' dir='ltr'><strong>‘pudica</strong></span> <span class='ocrx_word' id='word_1_105' title='bbox 277 1718 306 1766; x_wconf 90' lang='lat' dir='ltr'><strong>et</strong></span> <span class='ocrx_word' id='word_1_106' title='bbox 316 1714 407 1782; x_wconf 86' lang='lat' dir='ltr'><strong>proba,</strong></span> <span class='ocrx_word' id='word_1_107' title='bbox 419 1714 501 1766; x_wconf 88' lang='lat' dir='ltr'><strong>redde</strong></span> <span class='ocrx_word' id='word_1_108' title='bbox 511 1713 653 1766; x_wconf 86' lang='lat' dir='ltr'><strong>codicillos.</strong></span> 
     </span>
    </p>
   </div>
   <div class='ocr_carea' id='block_1_3' title="bbox 150 1929 1151 2510">
    <p class='ocr_par' dir='ltr' id='par_1_4' title="bbox 150 1929 1151 2264">
     <span class='ocr_line' id='line_1_23' title="bbox 486 1929 1151 2008; baseline -0.008 -8"><span class='ocrx_word' id='word_1_109' title='bbox 486 1947 583 2000; x_wconf 78' lang='lat' dir='ltr'><strong>xum</strong></span> <span class='ocrx_word' id='word_1_110' title='bbox 1051 1929 1151 2008; x_wconf 41' lang='lat' dir='ltr'><strong>cale*</strong></span> 
     </span>
     <span class='ocr_line' id='line_1_24' title="bbox 150 2059 822 2126; baseline -0.004 -14"><span class='ocrx_word' id='word_1_111' title='bbox 150 2059 241 2122; x_wconf 83' lang='lat' dir='ltr'><strong>Salus,</strong></span> <span class='ocrx_word' id='word_1_112' title='bbox 254 2075 304 2112; x_wconf 90' lang='lat' dir='ltr'><strong>nec</strong></span> <span class='ocrx_word' id='word_1_113' title='bbox 315 2059 604 2126; x_wconf 85' lang='lat' dir='ltr'><strong>mininropuellanaso</strong></span> <span class='ocrx_word' id='word_1_114' title='bbox 775 2081 822 2122; x_wconf 45' lang='lat' dir='ltr'><strong>„aa</strong></span> 
     </span>
     <span class='ocr_line' id='line_1_25' title="bbox 151 2104 771 2190; baseline 0 -14"><span class='ocrx_word' id='word_1_115' title='bbox 151 2140 201 2176; x_wconf 70' lang='lat' dir='ltr'><strong>na</strong></span> <span class='ocrx_word' id='word_1_116' title='bbox 211 2125 282 2176; x_wconf 77' lang='lat' dir='ltr'><strong>oeno</strong></span> <span class='ocrx_word' id='word_1_117' title='bbox 293 2124 360 2190; x_wconf 72' lang='lat' dir='ltr'><strong>pere</strong></span> <span class='ocrx_word' id='word_1_118' title='bbox 371 2140 420 2175; x_wconf 71' lang='lat' dir='ltr'><strong>nee</strong></span> <span class='ocrx_word' id='word_1_119' title='bbox 431 2124 514 2190; x_wconf 71' lang='lat' dir='ltr'><strong>nigris</strong></span> <span class='ocrx_word' id='word_1_120' title='bbox 524 2124 615 2176; x_wconf 73' lang='lat' dir='ltr'><strong>ooerris</strong></span> <span class='ocrx_word' id='word_1_121' title='bbox 724 2104 771 2156; x_wconf 50' lang='lat' dir='ltr'><strong>oa</strong></span> 
     </span>
     <span class='ocr_line' id='line_1_26' title="bbox 150 2188 596 2264; baseline 0 -24"><span class='ocrx_word' id='word_1_122' title='bbox 150 2205 200 2240; x_wconf 91' lang='lat' dir='ltr'><strong>nec</strong></span> <span class='ocrx_word' id='word_1_123' title='bbox 210 2189 297 2255; x_wconf 83' lang='lat' dir='ltr'><strong>longis</strong></span> <span class='ocrx_word' id='word_1_124' title='bbox 309 2188 400 2264; x_wconf 82' lang='lat' dir='ltr'><strong>digitis</strong></span> <span class='ocrx_word' id='word_1_125' title='bbox 411 2204 461 2239; x_wconf 87' lang='lat' dir='ltr'><strong>nec</strong></span> <span class='ocrx_word' id='word_1_126' title='bbox 471 2204 515 2258; x_wconf 86' lang='lat' dir='ltr'><strong>ore</strong></span> <span class='ocrx_word' id='word_1_127' title='bbox 526 2189 596 2240; x_wconf 89' lang='lat' dir='ltr'><strong>sicco</strong></span> 
     </span>
    </p>

    <p class='ocr_par' dir='ltr' id='par_1_5' title="bbox 150 2253 613 2318">
     <span class='ocr_line' id='line_1_27' title="bbox 150 2253 613 2318; baseline 0 -14"><span class='ocrx_word' id='word_1_128' title='bbox 150 2269 201 2304; x_wconf 89' lang='lat' dir='ltr'><strong>nec</strong></span> <span class='ocrx_word' id='word_1_129' title='bbox 211 2270 275 2304; x_wconf 90' lang='lat' dir='ltr'><strong>sanc</strong></span> <span class='ocrx_word' id='word_1_130' title='bbox 286 2254 367 2304; x_wconf 90' lang='lat' dir='ltr'><strong>uimrs</strong></span> <span class='ocrx_word' id='word_1_131' title='bbox 378 2253 500 2318; x_wconf 87' lang='lat' dir='ltr'><strong>elegante</strong></span> <span class='ocrx_word' id='word_1_132' title='bbox 512 2253 613 2318; x_wconf 86' lang='lat' dir='ltr'><strong>lingua,</strong></span> 
     </span>
    </p>

    <p class='ocr_par' dir='ltr' id='par_1_6' title="bbox 151 2317 548 2369">
     <span class='ocr_line' id='line_1_28' title="bbox 151 2317 548 2369; baseline -0.005 0"><span class='ocrx_word' id='word_1_133' title='bbox 151 2318 296 2369; x_wconf 86' lang='lat' dir='ltr'><strong>decoctoris</strong></span> <span class='ocrx_word' id='word_1_134' title='bbox 308 2317 395 2369; x_wconf 90' lang='lat' dir='ltr'><strong>amica</strong></span> <span class='ocrx_word' id='word_1_135' title='bbox 406 2317 548 2368; x_wconf 88' lang='lat' dir='ltr'><strong>Formiani.</strong></span> 
     </span>
    </p>

    <p class='ocr_par' dir='ltr' id='par_1_7' title="bbox 151 2381 644 2448">
     <span class='ocr_line' id='line_1_29' title="bbox 151 2381 644 2448; baseline -0.002 -15"><span class='ocrx_word' id='word_1_136' title='bbox 151 2385 198 2433; x_wconf 89' lang='lat' dir='ltr'><strong>ten</strong></span> <span class='ocrx_word' id='word_1_137' title='bbox 208 2382 346 2448; x_wconf 86' lang='lat' dir='ltr'><strong>prouincia</strong></span> <span class='ocrx_word' id='word_1_138' title='bbox 357 2386 448 2432; x_wconf 83' lang='lat' dir='ltr'><strong>narrat</strong></span> <span class='ocrx_word' id='word_1_139' title='bbox 459 2397 517 2432; x_wconf 90' lang='lat' dir='ltr'><strong>esse</strong></span> <span class='ocrx_word' id='word_1_140' title='bbox 527 2381 644 2432; x_wconf 70' lang='lat' dir='ltr'><strong>bellam?</strong></span> 
     </span>
    </p>

    <p class='ocr_par' dir='ltr' id='par_1_8' title="bbox 151 2446 640 2510">
     <span class='ocr_line' id='line_1_30' title="bbox 151 2446 640 2510; baseline -0.002 -13"><span class='ocrx_word' id='word_1_141' title='bbox 151 2449 241 2497; x_wconf 89' lang='lat' dir='ltr'><strong>tecum</strong></span> <span class='ocrx_word' id='word_1_142' title='bbox 253 2446 350 2498; x_wconf 87' lang='lat' dir='ltr'><strong>Lesbia</strong></span> <span class='ocrx_word' id='word_1_143' title='bbox 360 2450 453 2497; x_wconf 86' lang='lat' dir='ltr'><strong>nostra</strong></span> <span class='ocrx_word' id='word_1_144' title='bbox 464 2449 640 2510; x_wconf 75' lang='lat' dir='ltr'><strong>conparatur?</strong></span> 
     </span>
    </p>
   </div>
   <div class='ocr_carea' id='block_1_4' title="bbox 151 2509 654 2577">
    <p class='ocr_par' dir='ltr' id='par_1_9' title="bbox 151 2509 654 2577">
     <span class='ocr_line' id='line_1_31' title="bbox 151 2509 654 2577; baseline -0.004 -15"><span class='ocrx_word' id='word_1_145' title='bbox 151 2526 168 2562; x_wconf 96' lang='lat' dir='ltr'><strong>o</strong></span> <span class='ocrx_word' id='word_1_146' title='bbox 178 2511 297 2563; x_wconf 87' lang='lat' dir='ltr'><strong>saeclum</strong></span> <span class='ocrx_word' id='word_1_147' title='bbox 306 2510 442 2577; x_wconf 83' lang='lat' dir='ltr'><strong>insapiens</strong></span> <span class='ocrx_word' id='word_1_148' title='bbox 453 2513 481 2561; x_wconf 88' lang='lat' dir='ltr'><strong>et</strong></span> <span class='ocrx_word' id='word_1_149' title='bbox 491 2509 638 2561; x_wconf 82' lang='lat' dir='ltr'><strong>infacetum</strong></span> <span class='ocrx_word' id='word_1_150' title='bbox 648 2513 654 2561; x_wconf 88' lang='lat' dir='ltr'><strong>l</strong></span> 
     </span>
    </p>
   </div>
   <div class='ocr_carea' id='block_1_5' title="bbox 826 1985 1030 2104">
    <p class='ocr_par' dir='ltr' id='par_1_10' title="bbox 826 1985 1030 2104">
     <span class='ocr_line' id='line_1_32' title="bbox 826 1985 1030 2104; baseline 0 0"><span class='ocrx_word' id='word_1_151' title='bbox 826 2065 868 2104; x_wconf 74' lang='lat' dir='ltr'><strong>oi·</strong></span> <span class='ocrx_word' id='word_1_152' title='bbox 907 1985 1030 2070; x_wconf 42' lang='grc' dir='ltr'><strong>μμ</strong></span> 
     </span>
    </p>
   </div>
   <div class='ocr_carea' id='block_1_6' title="bbox 151 2764 919 2942">
    <p class='ocr_par' dir='ltr' id='par_1_11' title="bbox 151 2764 919 2942">
     <span class='ocr_line' id='line_1_33' title="bbox 180 2764 918 2838; baseline 0.007 -29"><span class='ocrx_word' id='word_1_153' title='bbox 180 2765 244 2810; x_wconf 84' lang='lat' dir='ltr'><strong>xm</strong></span> <span class='ocrx_word' id='word_1_154' title='bbox 253 2767 282 2810; x_wconf 79' lang='lat'><strong>1³</strong></span> <span class='ocrx_word' id='word_1_155' title='bbox 293 2765 357 2823; x_wconf 78' lang='lat' dir='ltr'><strong>facil</strong></span> <span class='ocrx_word' id='word_1_156' title='bbox 370 2765 532 2813; x_wconf 79' lang='lat' dir='ltr'><strong>Helbertema</strong></span> <span class='ocrx_word' id='word_1_157' title='bbox 565 2768 595 2811; x_wconf 72' lang='lat'><strong>1⁴</strong></span> <span class='ocrx_word' id='word_1_158' title='bbox 601 2771 677 2824; x_wconf 84' lang='lat' dir='ltr'><strong>potest</strong></span> <span class='ocrx_word' id='word_1_159' title='bbox 686 2766 762 2838; x_wconf 69' lang='lat' dir='ltr'><strong>aliqui</strong></span> <span class='ocrx_word' id='word_1_160' title='bbox 771 2764 840 2836; x_wconf 59' lang='lat' dir='ltr'><strong>codd:</strong></span> <span class='ocrx_word' id='word_1_161' title='bbox 851 2764 918 2836; x_wconf 76' lang='lat' dir='ltr'><strong>uulg.</strong></span> 
     </span>
     <span class='ocr_line' id='line_1_34' title="bbox 152 2825 919 2882; baseline 0.004 -13"><span class='ocrx_word' id='word_1_162' title='bbox 152 2825 180 2869; x_wconf 78' lang='lat'><strong>1⁶</strong></span> <span class='ocrx_word' id='word_1_163' title='bbox 197 2830 252 2881; x_wconf 82' lang='lat' dir='ltr'><strong>pote</strong></span> <span class='ocrx_word' id='word_1_164' title='bbox 270 2830 298 2870; x_wconf 79' lang='lat' dir='ltr'><strong>nt</strong></span> <span class='ocrx_word' id='word_1_165' title='bbox 313 2825 409 2882; x_wconf 88' lang='lat' dir='ltr'><strong>Munro,</strong></span> <span class='ocrx_word' id='word_1_166' title='bbox 458 2830 501 2872; x_wconf 78' lang='lat' dir='ltr'><strong>tert</strong></span> <span class='ocrx_word' id='word_1_167' title='bbox 515 2825 546 2882; x_wconf 89' lang='lat' dir='ltr'><strong>V,</strong></span> <span class='ocrx_word' id='word_1_168' title='bbox 564 2825 713 2882; x_wconf 81' lang='lat' dir='ltr'><strong>edd,usrbrs</strong></span> <span class='ocrx_word' id='word_1_169' title='bbox 731 2828 767 2874; x_wconf 84' lang='lat' dir='ltr'><strong>rta</strong></span> <span class='ocrx_word' id='word_1_170' title='bbox 784 2825 919 2872; x_wconf 82' lang='lat' dir='ltr'><strong>dntrnotrs:</strong></span> 
     </span>
     <span class='ocr_line' id='line_1_35' title="bbox 151 2839 499 2942; baseline 0 -11"><span class='ocrx_word' id='word_1_171' title='bbox 151 2888 231 2941; x_wconf 69' lang='lat' dir='ltr'><strong>poca,</strong></span> <span class='ocrx_word' id='word_1_172' title='bbox 244 2898 265 2929; x_wconf 81' lang='lat' dir='ltr'><strong>r.</strong></span> <span class='ocrx_word' id='word_1_173' title='bbox 275 2883 296 2941; x_wconf 85' lang='lat' dir='ltr'><strong>f.</strong></span> <span class='ocrx_word' id='word_1_174' title='bbox 309 2897 328 2930; x_wconf 81' lang='lat' dir='ltr'><strong>c.</strong></span> <span class='ocrx_word' id='word_1_175' title='bbox 341 2897 359 2930; x_wconf 83' lang='lat' dir='ltr'><strong>e.</strong></span> <span class='ocrx_word' id='word_1_176' title='bbox 372 2897 411 2930; x_wconf 79' lang='lat' dir='ltr'><strong>ore</strong></span> <span class='ocrx_word' id='word_1_177' title='bbox 421 2839 469 2942; x_wconf 61' lang='lat' dir='ltr'><strong>(ss)</strong></span> <span class='ocrx_word' id='word_1_178' title='bbox 479 2897 499 2932; x_wconf 87' lang='lat' dir='ltr'><strong>c.</strong></span> 
     </span>
    </p>
   </div>
   <div class='ocr_carea' id='block_1_7' title="bbox 0 0 1230 3440">
    <p class='ocr_par' dir='ltr' id='par_1_12' title="bbox 0 0 1230 3440">
     <span class='ocr_line' id='line_1_36' title="bbox 0 0 1230 3440; baseline 0 0"><span class='ocrx_word' id='word_1_179' title='bbox 0 0 1230 3440; x_wconf 95' lang='lat' dir='ltr'><strong> </strong></span> 
     </span>
    </p>
   </div>
  </div>
 </body>
</html>
