2428 3448
315 329 347 381 70
504 325 531 378 0.
562 325 708 378 VALERI
729 325 895 379 CATVLLI

411 435 466 488 tale
477 435 531 487 fuit
541 435 619 486 nobis
631 435 721 486 Allius
734 435 875 487 auxilium.

378 501 402 553 is
413 501 536 552 clausum
547 501 603 551 lato
615 500 742 566 patefecit
753 501 840 552 limite
851 515 983 566 campum,

411 565 488 631 isque
499 565 609 616 domum
620 565 696 615 nobis
708 565 784 630 isque
796 565 871 616 dedit
882 565 1027 626 dominam,

279 641 282 651 ·
379 630 415 682 ad
426 646 509 696 quam
519 645 673 680 communes
686 645 868 680 exerceremus
880 644 990 681 amores.

332 707 364 759 70
411 711 465 760 quo
475 710 536 745 mea
547 710 576 744 se
587 693 663 744 molli
674 693 789 745 candida
801 694 866 745 diua
877 692 943 759 pede
1051 708 1087 758 30

378 759 473 810 intulit
484 763 512 810 et
522 758 587 809 trito
597 758 747 824 fulgentem
757 758 786 808 in
797 758 891 810 limine
901 757 1023 824 plantam

410 823 505 874 innixa
516 826 613 889 arguta
624 823 765 873 constituit
776 823 858 882 solea,

379 888 499 953 coniugis
510 891 542 938 ut
552 887 689 954 quondam
700 887 815 962 flagrans
826 885 939 938 aduenit
949 901 1039 938 amore

411 952 604 1004 Protesilaeam
617 951 768 1002 Laudamia
779 951 889 1002 domum

332 1029 362 1084 75
378 1018 513 1083 inceptam
523 1017 631 1077 frustra,
644 1016 765 1066 nondum
776 1031 836 1066 cum
848 1014 979 1080 sanguine
990 1031 1066 1066 sacro

411 1081 500 1132 hostia
510 1079 633 1132 caelestis
645 1080 811 1145 pacificasset
822 1095 887 1130 eros.
1051 1082 1083 1145 36

379 1146 419 1198 nil
429 1145 497 1196 mihi
507 1149 566 1196 tam
577 1145 657 1196 ualde
669 1145 782 1220 placeat,
798 1144 967 1196 Rhamnusia
977 1141 1063 1211 uirgo,

411 1210 484 1276 quod
494 1214 594 1261 temere
604 1209 873 1274 inuitrs'suseipiatur
884 1209 943 1260 eris

378 1290 462 1341 quam
472 1274 564 1325 ieiuna
574 1273 651 1349 pium
662 1273 795 1324 desideret
806 1289 854 1324 ara
865 1289 992 1336 eruorem,

331 1342 364 1391 80
410 1338 516 1389 doctaat
527 1353 626 1389 amisso
637 1337 787 1390 Laudamia
798 1337 866 1399 uiro,
1049 1353 1083 1401 40

378 1401 498 1467 coniugis
509 1405 574 1452 ante
585 1407 678 1454 coacta
690 1402 755 1454 noui
765 1402 902 1454 dimittere
913 1400 1020 1463 collum,

377 1465 770 1596 „tttttbdttdld
776 1465 1081 1582 tlttlbttlttffi

1056 1569 1063 1592 ἲ

409 1598 499 1662 posset
510 1597 542 1646 ut
552 1594 667 1660 abrupto
678 1595 772 1647 uiuere
782 1595 913 1662 coniugio,

330 1662 345 1712 8
348 1671 361 1727 5
378 1659 449 1728 qnod
462 1658 567 1711 scibant
578 1659 678 1710 Pareae
689 1675 743 1710 non
754 1658 834 1725 longo
846 1663 966 1726 tempere
976 1658 1079 1721 abesse,

409 1724 434 1776 si
443 1723 521 1774 miles
532 1739 622 1774 muros
633 1723 699 1775 isset
709 1723 745 1774 ad
756 1723 853 1776 Iliacos
865 1745 871 1776 :

378 1803 442 1839 nam
453 1792 512 1840 tum
523 1787 644 1839 Helenae
655 1791 736 1864 raptu
747 1788 874 1865 primores
884 1787 1048 1856 Argiuorum

377 1853 980 1982 TttPtttzdetttlttttffitttia
996 1917 1079 1970 rum.

329 2061 361 2110 90
409 1997 888 2122 Troiffirlffildietmnuumomnim
898 2045 1078 2122 acerbaqinis,

376 2125 481 2177 quesne
492 2114 575 2162 etiam
582 2113 674 2160 nostro
684 2109 770 2160 letum
780 2109 931 2162 miserabde
942 2109 1020 2162 lratn
1049 2124 1078 2176 51

408 2173 512 2226 attulit.
548 2173 573 2226 ei
584 2173 775 2226 misero-frater
784 2174 909 2240 adempte
920 2174 996 2236 mihi,

376 2237 402 2291 ei
412 2238 509 2290 misero
519 2237 597 2290 fratri
607 2237 757 2290 iucundum
766 2237 859 2290 lumen
869 2239 1035 2305 ademptum,

407 2306 499 2354 tecum
509 2318 564 2354 una
574 2305 660 2354 totast
670 2305 762 2354 nostra
773 2301 880 2368 sepulta
892 2303 996 2364 domus,

328 2379 359 2434 95
376 2367 467 2419 omnia
477 2371 568 2418 tecum
578 2382 634 2418 una
645 2367 781 2432 pen'emnt
792 2367 892 2432 gaudia
904 2371 1005 2429 nostra,
1048 2370 1078 2433 55

408 2447 478 2498 quae
488 2435 550 2484 tues
561 2431 590 2482 in
600 2431 660 2482 uita
672 2431 758 2483 dulcis
769 2431 860 2483 alebat
871 2448 954 2484 amor.

340 2540 370 2584 2⁰
384 2539 459 2586 allius
473 2536 509 2596 (in
522 2537 631 2596 margine
645 2535 663 2585 l’
676 2536 803 2596 marusa)
818 2539 847 2596 0,
863 2540 973 2587 mudum
987 2539 1017 2587 G.
1049 2541 1079 2586 2⁵1

311 2598 415 2644 adustum
421 2596 450 2654 G,
459 2597 564 2644 elusam
574 2597 696 2644 Schwabe.
726 2598 756 2642 28
765 2598 876 2646 domm
881 2597 1015 2655 Froehlieb
1027 2598 1077 2646 ulii.

310 2658 340 2700 42
356 2657 453 2713 hyemps
470 2656 499 2712 Ο,
518 2656 598 2714 hyems
618 2657 647 2703 G.
684 2657 716 2700 44
730 2655 791 2702 abr-u
852 2657 882 2714 G,
900 2657 1031 2714 attmupto
1046 2657 1076 2714 0,

230 2721 232 2724 “
310 2716 433 2772 absumpto
443 2714 529 2760 Buehr.
560 2715 692 2760 wreiruert
701 2715 728 2761 L.
739 2715 797 2760 Mne
817 2728 849 2762 er.
881 2714 990 2770 alama
1003 2717 1079 2762 abiere

310 2773 342 2828 V,
354 2773 409 2818 edd.
420 2772 535 2831 plerique,
547 2773 621 2819 obisse
633 2773 721 2830 Baebi,
752 2775 782 2818 51
796 2787 842 2832 que
856 2778 917 2820 uetat
926 2775 954 2821 tr
968 2773 999 2829 V,
1016 2788 1076 2821 corr.

311 2831 490 2887 Belminates
503 2836 525 2876 te
540 2830 602 2878 Seal.
628 2831 712 2886 freter
720 2831 751 2878 V,
783 2832 851 2876 ts-ts
861 2830 898 2889 (=
907 2831 1030 2880 LXVIII*
1039 2833 1078 2880 22·

310 2887 349 2946 24)
359 2889 413 2936 edd.
425 2889 545 2947 aliquibus
554 2890 661 2947 suspecti
670 2892 734 2936 sunt.
