2438 3440
364 251 540 303 onaMrNA
563 249 725 301 arr-rm
783 313 784 318 η
907 253 923 302 a

154 363 204 415 hoc
215 363 317 415 salsum
328 379 385 415 esse
396 368 494 430 putas?
509 363 580 428 fugit
591 367 627 424 te,
641 363 747 429 inepta:

155 429 280 494 quamuis
291 429 398 480 sordida
408 445 450 479 res
461 433 489 479 et
500 429 678 479 inuenustast.
906 437 920 493 5

155 509 208 543 non
220 493 304 544 credis
315 493 399 544 mihi?
415 493 491 544 crede
503 493 608 543 Polioni

155 557 240 618 fratri,
255 557 302 623 qui
313 562 362 609 tua
372 557 445 608 furta
456 558 501 608 uel
512 558 616 608 talento

154 622 255 673 mutari
265 623 348 673 uelit:
366 627 407 673 est
419 623 489 673 enim
502 622 621 687 leporum

154 687 298 750 †dise1tus
326 703 375 737 uer
385 703 417 738 ac
428 687 594 737 facetiarum.

155 767 237 817 quare
248 755 297 802 aut
307 703 543 817 lendecasyllabos
555 753 687 802 trecentos

154 819 267 880 expecta
278 819 327 866 aut
338 815 404 865 milri
415 815 530 866 linteum
541 815 655 876 remitte,

155 879 227 945 quod
237 895 281 930 me
291 895 345 930 non
356 885 448 930 mouet
458 880 653 939 aestimatione,

154 949 275 994 uerumst
286 961 491 1009 mnemosynum
502 944 555 994 mei
566 944 672 995 sodalis.

154 1024 218 1058 nam
230 1009 338 1059 sudaria
349 1009 466 1060 Saetaba
477 1025 511 1059 ex
523 1009 647 1059 Hibereia

154 1073 285 1123 miserunt
296 1073 362 1123 mihi
373 1072 478 1124 muneri
489 1073 618 1123 Fabullus

154 1142 182 1188 et
195 1137 342 1188 Veranius:
360 1137 426 1188 haec
437 1153 525 1188 amem
537 1141 678 1198 necessest,

154 1205 186 1252 ut
197 1201 371 1254 Veraniolum
381 1219 471 1253 meum
483 1206 510 1253 et
522 1202 674 1253 Fabullum.

500 1404 574 1456 XIII

97 1512 104 1534 ⁶
154 1508 269 1561 Cenabis
281 1508 356 1570 bene,
370 1509 408 1559 mi
419 1509 540 1570 Fabulle,
554 1511 627 1625 apud
638 1527 681 1562 mc

153 1574 254 1640 paucis,
267 1573 291 1625 si
302 1574 353 1624 tibi
364 1574 393 1624 di
403 1573 506 1635 fauent,
521 1575 564 1625 die
583 1593 623 1637 us,

153 1638 177 1688 si
188 1643 278 1690 tecum
289 1638 413 1690 attuleris
425 1639 522 1689 bonam
534 1644 616 1705 atque
627 1656 754 1706 magnam

153 1717 255 1763 cenam,
268 1718 322 1753 non
334 1703 391 1754 sine
402 1703 517 1754 candida
528 1705 618 1769 puella

153 1771 181 1816 et
192 1767 257 1817 uino
268 1771 296 1818 et
307 1767 363 1818 sale
374 1771 402 1818 et
413 1768 536 1818 omnibus
548 1769 691 1819 cachinnis.
907 1778 921 1832 5

152 1830 220 1882 haec
231 1831 262 1892 si,
276 1831 396 1898 inquam,
410 1832 542 1893 attuleris,
558 1837 671 1884 uenuste
682 1835 781 1894 noster,

152 1896 262 1946 cenabis
273 1896 356 1947 bene:
375 1912 438 1947 nam
450 1897 491 1946 tui
503 1896 604 1948 Catulli

152 1959 248 2026 plenus
260 1960 382 2011 sacculus
393 1964 435 2011 est
445 1977 611 2012 aranearum.

152 2025 200 2075 sed
211 2029 304 2075 contra
314 2025 427 2090 accipies
439 2041 524 2075 meros
536 2041 639 2076 amores

152 2105 200 2139 seu
211 2089 640 2155 quidsuauiuselegantiusuest:
893 2106 922 2142 ιο

152 2169 217 2204 nam
228 2158 396 2219 unguentum
408 2153 485 2214 dabo,
498 2153 570 2268 guod
583 2170 658 2204 meae
669 2152 775 2219 puellae

153 2217 287 2268 donarunt
300 2218 416 2268 Veneres
429 2217 496 2283 Cupi
516 2219 635 2283 inesque,

153 2282 225 2348 quod
236 2286 268 2332 tu
279 2299 340 2333 cum
352 2281 468 2342 offacias,
482 2282 545 2332 deos
557 2282 670 2347 rogabis,

152 2350 241 2397 totum
252 2350 283 2397 ut
295 2351 322 2398 te
332 2346 443 2409 faciant,
457 2347 579 2408 Fabulle,
592 2363 695 2398 nasum

439 2509 622 2529 -d--

180 2631 295 2678 esuum
305 2631 431 2690 (suprascr.
444 2631 478 2678 αι’
483 2633 586 2690 salsam)
597 2633 626 2678 G.
635 2633 729 2690 salsam
743 2631 874 2679 al'salcam
889 2633 918 2681 0.

150 2691 290 2736 vdisscrtua
301 2691 329 2747 0,
342 2693 446 2737 disertus
457 2692 485 2747 G,
499 2693 608 2748 differtus
618 2693 735 2737 Passerat.
773 2693 802 2735 13
811 2698 844 2738 eat
854 2707 921 2739 aenio

151 2751 232 2795 naum
243 2750 272 2805 G,
282 2763 350 2795 nemo
360 2755 392 2795 est
400 2751 481 2796 sinum
489 2751 517 2797 0.
545 2753 573 2793 15
584 2753 680 2796 numeri
686 2751 710 2794 V
719 2750 844 2807 (suprascr.
854 2752 880 2796 in
888 2752 918 2799 G.

150 2806 305 2865 al'munm').
337 2809 366 2852 17
376 2814 410 2854 at.
423 2814 445 2855 et
454 2809 485 2856 V.
546 2809 852 2856 X1111nterualluminV.
