<?xml version="1.0" encoding="UTF-8"?>
<!DOCTYPE html PUBLIC "-//W3C//DTD XHTML 1.0 Transitional//EN"
    "http://www.w3.org/TR/xhtml1/DTD/xhtml1-transitional.dtd">
<html xmlns="http://www.w3.org/1999/xhtml" xml:lang="en" lang="en">
 <head>
  <title>
</title>
<meta http-equiv="Content-Type" content="text/html;charset=utf-8" />
  <meta name='ocr-system' content='tesseract 3.04.00' />
  <meta name='ocr-capabilities' content='ocr_page ocr_carea ocr_par ocr_line ocrx_word'/>
</head>
<body>
  <div class='ocr_page' id='page_1' title='image "./carmina00postgoog_0106.png"; bbox 0 0 2428 3448; ppageno 0'>
   <div class='ocr_carea' id='block_1_1' title="bbox 353 331 923 392">
    <p class='ocr_par' dir='ltr' id='par_1_1' title="bbox 353 331 923 392">
     <span class='ocr_line' id='line_1_1' title="bbox 353 331 923 392; baseline 0.012 -8"><span class='ocrx_word' id='word_1_1' title='bbox 353 331 528 384; x_wconf 80' lang='lat' dir='ltr'><em>OARMINA</em></span> <span class='ocrx_word' id='word_1_2' title='bbox 554 333 689 386; x_wconf 81' lang='lat' dir='ltr'><em>OX-OX</em></span> <span class='ocrx_word' id='word_1_3' title='bbox 691 333 733 387; x_wconf 84' lang='lat' dir='ltr'><strong>VI</strong></span> <span class='ocrx_word' id='word_1_4' title='bbox 890 338 923 392; x_wconf 85' lang='grc'><strong>87</strong></span> 
     </span>
    </p>
   </div>
   <div class='ocr_carea' id='block_1_2' title="bbox 163 441 827 573">
    <p class='ocr_par' dir='ltr' id='par_1_2' title="bbox 163 441 827 573">
     <span class='ocr_line' id='line_1_2' title="bbox 163 441 827 504; baseline 0.006 -12"><span class='ocrx_word' id='word_1_5' title='bbox 163 444 318 493; x_wconf 75' lang='lat' dir='ltr'><strong>manserunt</strong></span> <span class='ocrx_word' id='word_1_6' title='bbox 329 441 391 504; x_wconf 91' lang='lat' dir='ltr'><strong>duo,</strong></span> <span class='ocrx_word' id='word_1_7' title='bbox 404 443 452 496; x_wconf 82' lang='lat' dir='ltr'><strong>sed</strong></span> <span class='ocrx_word' id='word_1_8' title='bbox 462 448 604 495; x_wconf 80' lang='lat' dir='ltr'><strong>creuerunt</strong></span> <span class='ocrx_word' id='word_1_9' title='bbox 615 443 692 496; x_wconf 80' lang='lat' dir='ltr'><strong>milia</strong></span> <span class='ocrx_word' id='word_1_10' title='bbox 701 444 731 496; x_wconf 89' lang='lat' dir='ltr'><strong>in</strong></span> <span class='ocrx_word' id='word_1_11' title='bbox 741 460 827 496; x_wconf 90' lang='lat' dir='ltr'><strong>unum</strong></span> 
     </span>
     <span class='ocr_line' id='line_1_3' title="bbox 194 505 740 573; baseline 0.005 -16"><span class='ocrx_word' id='word_1_12' title='bbox 194 505 307 573; x_wconf 67' lang='lat' dir='ltr'><strong>singule</strong></span> <span class='ocrx_word' id='word_1_13' title='bbox 342 505 487 559; x_wconf 76' lang='lat' dir='ltr'><strong>seeundum</strong></span> <span class='ocrx_word' id='word_1_14' title='bbox 498 523 589 560; x_wconf 86' lang='lat' dir='ltr'><strong>semen</strong></span> <span class='ocrx_word' id='word_1_15' title='bbox 599 507 740 560; x_wconf 76' lang='lat' dir='ltr'><strong>adulterio.</strong></span> 
     </span>
    </p>
   </div>
   <div class='ocr_carea' id='block_1_3' title="bbox 498 613 697 697">
    <p class='ocr_par' dir='ltr' id='par_1_3' title="bbox 498 613 697 697">
     <span class='ocr_line' id='line_1_4' title="bbox 498 613 697 697; baseline -0.005 0"><span class='ocrx_word' id='word_1_16' title='bbox 498 637 589 697; x_wconf 78' lang='lat' dir='ltr'><strong>cxlv</strong></span> <span class='ocrx_word' id='word_1_17' title='bbox 691 613 697 621; x_wconf 62' lang='grc'><em>“</em></span> 
     </span>
    </p>
   </div>
   <div class='ocr_carea' id='block_1_4' title="bbox 163 728 923 1053">
    <p class='ocr_par' dir='ltr' id='par_1_4' title="bbox 163 728 736 783">
     <span class='ocr_line' id='line_1_5' title="bbox 163 728 736 783; baseline 0.005 -3"><span class='ocrx_word' id='word_1_18' title='bbox 163 728 288 781; x_wconf 76' lang='lat' dir='ltr'><strong>Firmano</strong></span> <span class='ocrx_word' id='word_1_19' title='bbox 298 729 371 782; x_wconf 75' lang='lat' dir='ltr'><strong>saltu</strong></span> <span class='ocrx_word' id='word_1_20' title='bbox 380 745 434 782; x_wconf 87' lang='lat' dir='ltr'><strong>nou</strong></span> <span class='ocrx_word' id='word_1_21' title='bbox 444 730 513 782; x_wconf 78' lang='lat' dir='ltr'><strong>falso</strong></span> <span class='ocrx_word' id='word_1_22' title='bbox 524 731 649 783; x_wconf 73' lang='lat' dir='ltr'><strong>Mentula</strong></span> <span class='ocrx_word' id='word_1_23' title='bbox 659 731 736 783; x_wconf 85' lang='lat' dir='ltr'><strong>diues</strong></span> 
     </span>
    </p>

    <p class='ocr_par' dir='ltr' id='par_1_5' title="bbox 163 794 923 1120">
     <span class='ocr_line' id='line_1_6' title="bbox 194 794 762 862; baseline 0.005 -18"><span class='ocrx_word' id='word_1_24' title='bbox 194 794 287 856; x_wconf 75' lang='lat' dir='ltr'><strong>fertur,</strong></span> <span class='ocrx_word' id='word_1_25' title='bbox 299 795 347 861; x_wconf 93' lang='lat' dir='ltr'><strong>qui</strong></span> <span class='ocrx_word' id='word_1_26' title='bbox 357 798 398 846; x_wconf 89' lang='lat' dir='ltr'><strong>tot</strong></span> <span class='ocrx_word' id='word_1_27' title='bbox 409 811 450 846; x_wconf 91' lang='lat' dir='ltr'><strong>res</strong></span> <span class='ocrx_word' id='word_1_28' title='bbox 461 795 490 846; x_wconf 90' lang='lat' dir='ltr'><strong>in</strong></span> <span class='ocrx_word' id='word_1_29' title='bbox 502 811 530 847; x_wconf 79' lang='lat' dir='ltr'><strong>re</strong></span> <span class='ocrx_word' id='word_1_30' title='bbox 540 795 623 847; x_wconf 82' lang='lat' dir='ltr'><strong>habet</strong></span> <span class='ocrx_word' id='word_1_31' title='bbox 634 795 762 862; x_wconf 79' lang='lat' dir='ltr'><strong>egregios,</strong></span> 
     </span>
     <span class='ocr_line' id='line_1_7' title="bbox 163 859 919 926; baseline 0.003 -17"><span class='ocrx_word' id='word_1_32' title='bbox 163 859 316 924; x_wconf 78' lang='lat' dir='ltr'><strong>aucupium,</strong></span> <span class='ocrx_word' id='word_1_33' title='bbox 329 874 407 910; x_wconf 90' lang='lat' dir='ltr'><strong>omne</strong></span> <span class='ocrx_word' id='word_1_34' title='bbox 417 875 502 925; x_wconf 86' lang='lat' dir='ltr'><strong>genus</strong></span> <span class='ocrx_word' id='word_1_35' title='bbox 512 860 600 926; x_wconf 82' lang='lat' dir='ltr'><strong>piscis,</strong></span> <span class='ocrx_word' id='word_1_36' title='bbox 613 864 699 926; x_wconf 81' lang='lat' dir='ltr'><strong>prete,</strong></span> <span class='ocrx_word' id='word_1_37' title='bbox 712 875 779 911; x_wconf 81' lang='lat' dir='ltr'><strong>erue</strong></span> <span class='ocrx_word' id='word_1_38' title='bbox 789 859 919 926; x_wconf 80' lang='lat' dir='ltr'><strong>ferusque.</strong></span> 
     </span>
     <span class='ocr_line' id='line_1_8' title="bbox 195 923 803 990; baseline 0.005 -18"><span class='ocrx_word' id='word_1_39' title='bbox 195 923 374 989; x_wconf 75' lang='lat' dir='ltr'><strong>nequiquam:</strong></span> <span class='ocrx_word' id='word_1_40' title='bbox 390 923 494 975; x_wconf 77' lang='lat' dir='ltr'><strong>fruetus</strong></span> <span class='ocrx_word' id='word_1_41' title='bbox 504 923 656 990; x_wconf 78' lang='lat' dir='ltr'><strong>sumptibus</strong></span> <span class='ocrx_word' id='word_1_42' title='bbox 666 928 803 989; x_wconf 73' lang='lat' dir='ltr'><strong>exuperat.</strong></span> 
     </span>
     <span class='ocr_line' id='line_1_9' title="bbox 601 988 923 1053; baseline 0.004 49.729"><span class='ocrx_word' id='word_1_43' title='bbox 163 987 798 1053; x_wconf 66' lang='lat' dir='ltr'><strong>u</strong></span> <span class='ocrx_word' id='word_1_44' title='bbox 909 999 923 1053; x_wconf 75' lang='lat'><strong>⁵</strong></span> 
     </span>
    </p>
   </div>
   <div class='ocr_carea' id='block_1_5' title="bbox 423 1193 586 1254">
    <p class='ocr_par' dir='ltr' id='par_1_6' title="bbox 423 1193 586 1254">
     <span class='ocr_line' id='line_1_10' title="bbox 423 1193 586 1254; baseline 0 -9"><span class='ocrx_word' id='word_1_45' title='bbox 423 1249 426 1254; x_wconf 65' lang='grc'>,</span> <span class='ocrx_word' id='word_1_46' title='bbox 511 1193 586 1245; x_wconf 85' lang='lat' dir='ltr'><strong>CXV</strong></span> 
     </span>
    </p>
   </div>
   <div class='ocr_carea' id='block_1_6' title="bbox 162 1281 925 1798">
    <p class='ocr_par' dir='ltr' id='par_1_7' title="bbox 163 1281 795 1422">
     <span class='ocr_line' id='line_1_11' title="bbox 163 1281 795 1348; baseline 0 -16"><span class='ocrx_word' id='word_1_47' title='bbox 163 1281 288 1332; x_wconf 78' lang='lat' dir='ltr'><strong>Mentula</strong></span> <span class='ocrx_word' id='word_1_48' title='bbox 298 1281 381 1332; x_wconf 86' lang='lat' dir='ltr'><strong>hebet</strong></span> <span class='ocrx_word' id='word_1_49' title='bbox 391 1285 481 1332; x_wconf 84' lang='lat' dir='ltr'><strong>uester</strong></span> <span class='ocrx_word' id='word_1_50' title='bbox 491 1282 602 1348; x_wconf 76' lang='lat' dir='ltr'><strong>triginta</strong></span> <span class='ocrx_word' id='word_1_51' title='bbox 612 1281 705 1348; x_wconf 80' lang='lat' dir='ltr'><strong>iugero</strong></span> <span class='ocrx_word' id='word_1_52' title='bbox 716 1281 795 1347; x_wconf 84' lang='lat' dir='ltr'><strong>preti,</strong></span> 
     </span>
     <span class='ocr_line' id='line_1_12' title="bbox 195 1345 740 1422; baseline 0.002 -26"><span class='ocrx_word' id='word_1_53' title='bbox 195 1345 373 1422; x_wconf 78' lang='lat' dir='ltr'><strong>quadraginta</strong></span> <span class='ocrx_word' id='word_1_54' title='bbox 381 1346 440 1398; x_wconf 85' lang='lat' dir='ltr'><strong>erui</strong></span> <span class='ocrx_word' id='word_1_55' title='bbox 451 1367 457 1397; x_wconf 88' lang='lat'><strong>:</strong></span> <span class='ocrx_word' id='word_1_56' title='bbox 475 1350 563 1398; x_wconf 80' lang='lat' dir='ltr'><strong>uetera</strong></span> <span class='ocrx_word' id='word_1_57' title='bbox 573 1350 637 1397; x_wconf 86' lang='lat' dir='ltr'><strong>sunt</strong></span> <span class='ocrx_word' id='word_1_58' title='bbox 648 1346 740 1398; x_wconf 82' lang='lat' dir='ltr'><strong>merie.</strong></span> 
     </span>
    </p>

    <p class='ocr_par' dir='ltr' id='par_1_8' title="bbox 162 1410 790 1541">
     <span class='ocr_line' id='line_1_13' title="bbox 162 1410 790 1477; baseline 0.002 -16"><span class='ocrx_word' id='word_1_59' title='bbox 162 1425 210 1462; x_wconf 86' lang='lat' dir='ltr'><strong>our</strong></span> <span class='ocrx_word' id='word_1_60' title='bbox 220 1426 273 1461; x_wconf 90' lang='lat' dir='ltr'><strong>non</strong></span> <span class='ocrx_word' id='word_1_61' title='bbox 284 1411 388 1462; x_wconf 76' lang='lat' dir='ltr'><strong>diuitiis</strong></span> <span class='ocrx_word' id='word_1_62' title='bbox 400 1411 527 1462; x_wconf 81' lang='lat' dir='ltr'><strong>Croesum</strong></span> <span class='ocrx_word' id='word_1_63' title='bbox 537 1426 662 1477; x_wconf 79' lang='lat' dir='ltr'><strong>superare</strong></span> <span class='ocrx_word' id='word_1_64' title='bbox 672 1410 742 1476; x_wconf 88' lang='lat' dir='ltr'><strong>potis</strong></span> <span class='ocrx_word' id='word_1_65' title='bbox 753 1410 790 1462; x_wconf 86' lang='lat' dir='ltr'><strong>sit</strong></span> 
     </span>
     <span class='ocr_line' id='line_1_14' title="bbox 194 1475 716 1541; baseline 0.004 -17"><span class='ocrx_word' id='word_1_66' title='bbox 194 1490 249 1524; x_wconf 91' lang='lat' dir='ltr'><strong>uno</strong></span> <span class='ocrx_word' id='word_1_67' title='bbox 260 1475 307 1540; x_wconf 90' lang='lat' dir='ltr'><strong>qui</strong></span> <span class='ocrx_word' id='word_1_68' title='bbox 317 1475 346 1525; x_wconf 92' lang='lat' dir='ltr'><strong>in</strong></span> <span class='ocrx_word' id='word_1_69' title='bbox 357 1475 430 1526; x_wconf 78' lang='lat' dir='ltr'><strong>saltu</strong></span> <span class='ocrx_word' id='word_1_70' title='bbox 440 1479 482 1526; x_wconf 85' lang='lat' dir='ltr'><strong>tot</strong></span> <span class='ocrx_word' id='word_1_71' title='bbox 493 1475 563 1526; x_wconf 83' lang='lat' dir='ltr'><strong>bone</strong></span> <span class='ocrx_word' id='word_1_72' title='bbox 573 1475 716 1541; x_wconf 80' lang='lat' dir='ltr'><strong>possideat,</strong></span> 
     </span>
    </p>

    <p class='ocr_par' dir='ltr' id='par_1_9' title="bbox 162 1538 923 1668">
     <span class='ocr_line' id='line_1_15' title="bbox 162 1538 923 1605; baseline 0 -15"><span class='ocrx_word' id='word_1_73' title='bbox 162 1543 248 1604; x_wconf 81' lang='lat' dir='ltr'><strong>prete,</strong></span> <span class='ocrx_word' id='word_1_74' title='bbox 261 1555 335 1600; x_wconf 80' lang='lat' dir='ltr'><strong>erue,</strong></span> <span class='ocrx_word' id='word_1_75' title='bbox 348 1539 465 1605; x_wconf 86' lang='lat' dir='ltr'><strong>ingentis</strong></span> <span class='ocrx_word' id='word_1_76' title='bbox 475 1539 559 1590; x_wconf 85' lang='lat' dir='ltr'><strong>silues</strong></span> <span class='ocrx_word' id='word_1_77' title='bbox 570 1540 709 1604; x_wconf 76' lang='lat' dir='ltr'><strong>saltusque</strong></span> <span class='ocrx_word' id='word_1_78' title='bbox 719 1538 885 1604; x_wconf 75' lang='lat' dir='ltr'><strong>paludesque</strong></span> <span class='ocrx_word' id='word_1_79' title='bbox 910 1549 923 1602; x_wconf 83' lang='lat'><strong>5</strong></span> 
     </span>
     <span class='ocr_line' id='line_1_16' title="bbox 194 1603 855 1668; baseline -0.002 -14"><span class='ocrx_word' id='word_1_80' title='bbox 194 1618 279 1668; x_wconf 90' lang='lat' dir='ltr'><strong>usque</strong></span> <span class='ocrx_word' id='word_1_81' title='bbox 290 1604 326 1654; x_wconf 82' lang='lat' dir='ltr'><strong>od</strong></span> <span class='ocrx_word' id='word_1_82' title='bbox 337 1604 364 1654; x_wconf 94' lang='lat' dir='ltr'>H</span> <span class='ocrx_word' id='word_1_83' title='bbox 401 1604 520 1654; x_wconf 87' lang='lat' dir='ltr'><strong>erboreos</strong></span> <span class='ocrx_word' id='word_1_84' title='bbox 531 1608 559 1654; x_wconf 92' lang='lat' dir='ltr'><strong>et</strong></span> <span class='ocrx_word' id='word_1_85' title='bbox 569 1619 642 1654; x_wconf 76' lang='lat' dir='ltr'><strong>mere</strong></span> <span class='ocrx_word' id='word_1_86' title='bbox 653 1603 689 1654; x_wconf 80' lang='lat' dir='ltr'><strong>ed</strong></span> <span class='ocrx_word' id='word_1_87' title='bbox 700 1603 855 1654; x_wconf 81' lang='lat' dir='ltr'><strong>Ooeenumt</strong></span> 
     </span>
    </p>

    <p class='ocr_par' dir='ltr' id='par_1_10' title="bbox 163 1666 925 1798">
     <span class='ocr_line' id='line_1_17' title="bbox 163 1666 925 1733; baseline -0.003 -15"><span class='ocrx_word' id='word_1_88' title='bbox 163 1667 359 1732; x_wconf 82' lang='lat' dir='ltr'><strong>omniemegne</strong></span> <span class='ocrx_word' id='word_1_89' title='bbox 385 1666 925 1733; x_wconf 79' lang='lat' dir='ltr'><strong>eeusunt;tumenipsestmeximus,elter</strong></span> 
     </span>
     <span class='ocr_line' id='line_1_18' title="bbox 194 1731 822 1798; baseline 0 -16"><span class='ocrx_word' id='word_1_90' title='bbox 194 1747 249 1784; x_wconf 87' lang='lat' dir='ltr'><strong>non</strong></span> <span class='ocrx_word' id='word_1_91' title='bbox 259 1731 339 1782; x_wconf 90' lang='lat' dir='ltr'><strong>homo</strong></span> <span class='ocrx_word' id='word_1_92' title='bbox 349 1731 397 1783; x_wconf 86' lang='lat' dir='ltr'><strong>sed</strong></span> <span class='ocrx_word' id='word_1_93' title='bbox 407 1747 471 1783; x_wconf 87' lang='lat' dir='ltr'><strong>uero</strong></span> <span class='ocrx_word' id='word_1_94' title='bbox 481 1731 603 1782; x_wconf 74' lang='lat' dir='ltr'><strong>mentula</strong></span> <span class='ocrx_word' id='word_1_95' title='bbox 613 1747 712 1798; x_wconf 77' lang='lat' dir='ltr'><strong>magno.</strong></span> <span class='ocrx_word' id='word_1_96' title='bbox 721 1731 822 1782; x_wconf 77' lang='lat' dir='ltr'><strong>minax.</strong></span> 
     </span>
    </p>
   </div>
   <div class='ocr_carea' id='block_1_7' title="bbox 497 1867 587 1919">
    <p class='ocr_par' dir='ltr' id='par_1_11' title="bbox 497 1867 587 1919">
     <span class='ocr_line' id='line_1_19' title="bbox 497 1867 587 1919; baseline -0.011 0"><span class='ocrx_word' id='word_1_97' title='bbox 497 1867 587 1919; x_wconf 86' lang='lat' dir='ltr'>CXVI</span> 
     </span>
    </p>
   </div>
   <div class='ocr_carea' id='block_1_8' title="bbox 164 1955 818 2086">
    <p class='ocr_par' dir='ltr' id='par_1_12' title="bbox 164 1955 818 2086">
     <span class='ocr_line' id='line_1_20' title="bbox 164 1955 818 2071; baseline -0.003 -62"><span class='ocrx_word' id='word_1_98' title='bbox 164 1955 250 2022; x_wconf 72' lang='lat' dir='ltr'><strong>Saepe</strong></span> <span class='ocrx_word' id='word_1_99' title='bbox 261 1955 312 2007; x_wconf 88' lang='lat' dir='ltr'><strong>tibi</strong></span> <span class='ocrx_word' id='word_1_100' title='bbox 322 1956 442 2007; x_wconf 85' lang='lat' dir='ltr'><strong>studiose</strong></span> <span class='ocrx_word' id='word_1_101' title='bbox 453 1955 543 2006; x_wconf 78' lang='lat' dir='ltr'><strong>animo</strong></span> <span class='ocrx_word' id='word_1_102' title='bbox 555 1959 672 2008; x_wconf 84' lang='lat' dir='ltr'><strong>uenente</strong></span> <span class='ocrx_word' id='word_1_103' title='bbox 682 1956 818 2071; x_wconf 52' lang='lat' dir='ltr'><strong>requirens</strong></span> 
     </span>
     <span class='ocr_line' id='line_1_21' title="bbox 195 2021 763 2086; baseline -0.002 -13"><span class='ocrx_word' id='word_1_104' title='bbox 195 2021 315 2073; x_wconf 75' lang='lat' dir='ltr'><strong>earmina</strong></span> <span class='ocrx_word' id='word_1_105' title='bbox 325 2021 368 2072; x_wconf 90' lang='lat' dir='ltr'><strong>uti</strong></span> <span class='ocrx_word' id='word_1_106' title='bbox 378 2035 482 2086; x_wconf 84' lang='lat' dir='ltr'><strong>possem</strong></span> <span class='ocrx_word' id='word_1_107' title='bbox 492 2021 599 2072; x_wconf 85' lang='lat' dir='ltr'><strong>mittere</strong></span> <span class='ocrx_word' id='word_1_108' title='bbox 611 2021 703 2072; x_wconf 77' lang='lat' dir='ltr'><strong>Buttie</strong></span> <span class='ocrx_word' id='word_1_109' title='bbox 722 2036 763 2082; x_wconf 86' lang='lat' dir='ltr'><strong>ee,</strong></span> 
     </span>
    </p>
   </div>
   <div class='ocr_carea' id='block_1_9' title="bbox 162 2179 927 2936">
    <p class='ocr_par' dir='ltr' id='par_1_13' title="bbox 162 2179 927 2880">
     <span class='ocr_line' id='line_1_22' title="bbox 192 2179 922 2238; baseline 0.003 -13"><span class='ocrx_word' id='word_1_110' title='bbox 192 2179 264 2225; x_wconf 79' lang='lat' dir='ltr'><strong>(mv</strong></span> <span class='ocrx_word' id='word_1_111' title='bbox 276 2181 291 2224; x_wconf 92' lang='lat'>1</span> <span class='ocrx_word' id='word_1_112' title='bbox 301 2181 418 2226; x_wconf 74' lang='lat' dir='ltr'><strong>Fimooo</strong></span> <span class='ocrx_word' id='word_1_113' title='bbox 432 2181 497 2226; x_wconf 77' lang='lat' dir='ltr'><strong>saltu</strong></span> <span class='ocrx_word' id='word_1_114' title='bbox 511 2180 639 2237; x_wconf 80' lang='lat' dir='ltr'><strong>Auentius,</strong></span> <span class='ocrx_word' id='word_1_115' title='bbox 655 2181 788 2227; x_wconf 69' lang='lat' dir='ltr'><strong>Ftrnwnus</strong></span> <span class='ocrx_word' id='word_1_116' title='bbox 802 2180 879 2227; x_wconf 69' lang='lat' dir='ltr'><strong>mltis</strong></span> <span class='ocrx_word' id='word_1_117' title='bbox 891 2181 922 2238; x_wconf 85' lang='lat' dir='ltr'><strong>V,</strong></span> 
     </span>
     <span class='ocr_line' id='line_1_23' title="bbox 163 2238 926 2296; baseline -0.001 -11"><span class='ocrx_word' id='word_1_118' title='bbox 163 2239 376 2285; x_wconf 70' lang='lat' dir='ltr'><strong>Ftrnwmusraltus</strong></span> <span class='ocrx_word' id='word_1_119' title='bbox 386 2238 439 2284; x_wconf 88' lang='lat' dir='ltr'><strong>edd.</strong></span> <span class='ocrx_word' id='word_1_120' title='bbox 449 2239 589 2296; x_wconf 79' lang='lat' dir='ltr'><strong>complures.</strong></span> <span class='ocrx_word' id='word_1_121' title='bbox 621 2240 749 2296; x_wconf 73' lang='lat' dir='ltr'><strong>Saowupe&#39;ci</strong></span> <span class='ocrx_word' id='word_1_122' title='bbox 754 2239 786 2296; x_wconf 87' lang='lat' dir='ltr'><strong>V,</strong></span> <span class='ocrx_word' id='word_1_123' title='bbox 793 2240 926 2296; x_wconf 70' lang='lat' dir='ltr'><strong>europem</strong></span> 
     </span>
     <span class='ocr_line' id='line_1_24' title="bbox 162 2297 923 2354; baseline 0.001 -11"><span class='ocrx_word' id='word_1_124' title='bbox 162 2297 203 2343; x_wconf 87' lang='lat' dir='ltr'><strong>uel</strong></span> <span class='ocrx_word' id='word_1_125' title='bbox 212 2299 319 2354; x_wconf 69' lang='lat' dir='ltr'><strong>aucupto</strong></span> <span class='ocrx_word' id='word_1_126' title='bbox 328 2314 351 2343; x_wconf 73' lang='lat' dir='ltr'><strong>e.</strong></span> <span class='ocrx_word' id='word_1_127' title='bbox 377 2311 461 2342; x_wconf 86' lang='lat' dir='ltr'><strong>uersus</strong></span> <span class='ocrx_word' id='word_1_128' title='bbox 470 2297 501 2344; x_wconf 80' lang='lat' dir='ltr'><strong>eb</strong></span> <span class='ocrx_word' id='word_1_129' title='bbox 509 2297 561 2344; x_wconf 88' lang='lat' dir='ltr'><strong>edd.</strong></span> <span class='ocrx_word' id='word_1_130' title='bbox 572 2297 638 2343; x_wconf 85' lang='lat' dir='ltr'><strong>ueris</strong></span> <span class='ocrx_word' id='word_1_131' title='bbox 644 2297 781 2343; x_wconf 67' lang='lat' dir='ltr'><strong>(intinctus.</strong></span> <span class='ocrx_word' id='word_1_132' title='bbox 806 2297 864 2344; x_wconf 70' lang='lat' dir='ltr'><strong>situ</strong></span> <span class='ocrx_word' id='word_1_133' title='bbox 872 2311 923 2344; x_wconf 87' lang='lat' dir='ltr'><strong>nos.</strong></span> 
     </span>
     <span class='ocr_line' id='line_1_25' title="bbox 163 2355 922 2412; baseline -0.001 -9"><span class='ocrx_word' id='word_1_134' title='bbox 163 2357 252 2403; x_wconf 68' lang='lat' dir='ltr'><strong>solum</strong></span> <span class='ocrx_word' id='word_1_135' title='bbox 270 2355 291 2402; x_wconf 94' lang='grc' dir='ltr'>Ο</span> <span class='ocrx_word' id='word_1_136' title='bbox 308 2355 372 2412; x_wconf 63' lang='lat' dir='ltr'><strong>edd„</strong></span> <span class='ocrx_word' id='word_1_137' title='bbox 390 2357 473 2402; x_wconf 75' lang='lat' dir='ltr'><strong>saltem</strong></span> <span class='ocrx_word' id='word_1_138' title='bbox 488 2355 518 2402; x_wconf 83' lang='lat' dir='ltr'><strong>G.</strong></span> <span class='ocrx_word' id='word_1_139' title='bbox 549 2357 608 2402; x_wconf 75' lang='lat' dir='ltr'><strong>domn</strong></span> <span class='ocrx_word' id='word_1_140' title='bbox 622 2357 690 2402; x_wconf 72' lang='lat' dir='ltr'><strong>owdo</strong></span> <span class='ocrx_word' id='word_1_141' title='bbox 705 2356 755 2412; x_wconf 72' lang='lat' dir='ltr'><strong>ipse</strong></span> <span class='ocrx_word' id='word_1_142' title='bbox 772 2359 836 2412; x_wconf 66' lang='lat' dir='ltr'><strong>meat</strong></span> <span class='ocrx_word' id='word_1_143' title='bbox 850 2355 883 2412; x_wconf 82' lang='lat' dir='ltr'><strong>V,-</strong></span> <span class='ocrx_word' id='word_1_144' title='bbox 898 2357 922 2402; x_wconf 82' lang='lat' dir='ltr'><strong>d.</strong></span> 
     </span>
     <span class='ocr_line' id='line_1_26' title="bbox 162 2413 926 2470; baseline 0 -10"><span class='ocrx_word' id='word_1_145' title='bbox 162 2415 230 2460; x_wconf 72' lang='lat' dir='ltr'><strong>durno</strong></span> <span class='ocrx_word' id='word_1_146' title='bbox 244 2415 261 2460; x_wconf 75' lang='lat' dir='ltr'><strong>i.</strong></span> <span class='ocrx_word' id='word_1_147' title='bbox 279 2428 298 2460; x_wconf 80' lang='lat' dir='ltr'><strong>e.</strong></span> <span class='ocrx_word' id='word_1_148' title='bbox 316 2413 398 2470; x_wconf 67' lang='lat' dir='ltr'><strong>Isoh„</strong></span> <span class='ocrx_word' id='word_1_149' title='bbox 415 2415 439 2460; x_wconf 83' lang='lat' dir='ltr'><strong>d.</strong></span> <span class='ocrx_word' id='word_1_150' title='bbox 455 2415 524 2460; x_wconf 78' lang='lat' dir='ltr'><strong>owdo</strong></span> <span class='ocrx_word' id='word_1_151' title='bbox 538 2428 563 2460; x_wconf 85' lang='lat' dir='ltr'><strong>eo</strong></span> <span class='ocrx_word' id='word_1_152' title='bbox 577 2415 594 2460; x_wconf 78' lang='lat' dir='ltr'><strong>t.</strong></span> <span class='ocrx_word' id='word_1_153' title='bbox 607 2427 625 2460; x_wconf 85' lang='lat' dir='ltr'><strong>e.</strong></span> <span class='ocrx_word' id='word_1_154' title='bbox 638 2414 664 2459; x_wconf 84' lang='lat' dir='ltr'><strong>L.</strong></span> <span class='ocrx_word' id='word_1_155' title='bbox 676 2413 769 2469; x_wconf 87' lang='lat' dir='ltr'><strong>Muell.‚</strong></span> <span class='ocrx_word' id='word_1_156' title='bbox 781 2414 804 2459; x_wconf 65' lang='lat' dir='ltr'><strong>t</strong></span> <span class='ocrx_word' id='word_1_157' title='bbox 821 2414 890 2460; x_wconf 80' lang='lat' dir='ltr'><strong>modo</strong></span> <span class='ocrx_word' id='word_1_158' title='bbox 904 2419 926 2460; x_wconf 81' lang='lat' dir='ltr'><strong>te</strong></span> 
     </span>
     <span class='ocr_line' id='line_1_27' title="bbox 164 2471 926 2530; baseline 0 -12"><span class='ocrx_word' id='word_1_159' title='bbox 164 2475 217 2529; x_wconf 80' lang='lat' dir='ltr'><strong>ipso</strong></span> <span class='ocrx_word' id='word_1_160' title='bbox 227 2487 245 2518; x_wconf 86' lang='lat' dir='ltr'><strong>e.</strong></span> <span class='ocrx_word' id='word_1_161' title='bbox 257 2472 344 2519; x_wconf 84' lang='lat' dir='ltr'><strong>Beehr.</strong></span> <span class='ocrx_word' id='word_1_162' title='bbox 356 2472 447 2528; x_wconf 76' lang='lat' dir='ltr'><strong>epeorii</strong></span> <span class='ocrx_word' id='word_1_163' title='bbox 456 2472 542 2530; x_wconf 86' lang='lat' dir='ltr'><strong>quibus</strong></span> <span class='ocrx_word' id='word_1_164' title='bbox 548 2471 697 2530; x_wconf 69' lang='lat' dir='ltr'><strong>Mentuhrlu.</strong></span> <span class='ocrx_word' id='word_1_165' title='bbox 709 2471 865 2528; x_wconf 81' lang='lat' dir='ltr'><strong>1)uoeetiuus</strong></span> <span class='ocrx_word' id='word_1_166' title='bbox 875 2486 926 2518; x_wconf 88' lang='lat' dir='ltr'><strong>esse</strong></span> 
     </span>
     <span class='ocr_line' id='line_1_28' title="bbox 162 2530 926 2587; baseline 0 -11"><span class='ocrx_word' id='word_1_167' title='bbox 162 2531 266 2577; x_wconf 87' lang='lat' dir='ltr'><strong>uidetur.</strong></span> <span class='ocrx_word' id='word_1_168' title='bbox 298 2530 358 2575; x_wconf 76' lang='lat' dir='ltr'><strong>(lxv</strong></span> <span class='ocrx_word' id='word_1_169' title='bbox 367 2532 381 2574; x_wconf 94' lang='lat'>1</span> <span class='ocrx_word' id='word_1_170' title='bbox 391 2535 467 2577; x_wconf 65' lang='lat' dir='ltr'><strong>nerto</strong></span> <span class='ocrx_word' id='word_1_171' title='bbox 476 2545 525 2576; x_wconf 87' lang='lat' dir='ltr'><strong>nos.</strong></span> <span class='ocrx_word' id='word_1_172' title='bbox 539 2533 618 2577; x_wconf 54' lang='grc' dir='ltr'><strong>Μαι·</strong></span> <span class='ocrx_word' id='word_1_173' title='bbox 627 2531 658 2587; x_wconf 90' lang='lat' dir='ltr'><strong>V,</strong></span> <span class='ocrx_word' id='word_1_174' title='bbox 667 2535 746 2576; x_wconf 71' lang='lat' dir='ltr'><strong>noster</strong></span> <span class='ocrx_word' id='word_1_175' title='bbox 754 2530 844 2576; x_wconf 77' lang='lat' dir='ltr'><strong>Aueut</strong></span> <span class='ocrx_word' id='word_1_176' title='bbox 856 2532 926 2576; x_wconf 68' lang='lat' dir='ltr'><strong>iusto</strong></span> 
     </span>
     <span class='ocr_line' id='line_1_29' title="bbox 164 2587 927 2646; baseline -0.001 -10"><span class='ocrx_word' id='word_1_177' title='bbox 164 2589 235 2645; x_wconf 79' lang='lat' dir='ltr'><strong>Suel,</strong></span> <span class='ocrx_word' id='word_1_178' title='bbox 256 2587 345 2636; x_wconf 68' lang='lat' dir='ltr'><strong>(laesor</strong></span> <span class='ocrx_word' id='word_1_179' title='bbox 360 2590 421 2635; x_wconf 87' lang='lat' dir='ltr'><strong>ooni.</strong></span> <span class='ocrx_word' id='word_1_180' title='bbox 441 2589 561 2636; x_wconf 71' lang='lat' dir='ltr'><strong>Schwabe.</strong></span> <span class='ocrx_word' id='word_1_181' title='bbox 592 2591 608 2633; x_wconf 77' lang='lat'><em>4</em></span> <span class='ocrx_word' id='word_1_182' title='bbox 624 2593 657 2635; x_wconf 84' lang='lat' dir='ltr'><strong>tot</strong></span> <span class='ocrx_word' id='word_1_183' title='bbox 673 2590 733 2635; x_wconf 76' lang='lat' dir='ltr'><strong>borso</strong></span> <span class='ocrx_word' id='word_1_184' title='bbox 747 2589 878 2646; x_wconf 82' lang='lat' dir='ltr'><strong>Auentius,</strong></span> <span class='ocrx_word' id='word_1_185' title='bbox 893 2594 927 2635; x_wconf 89' lang='lat' dir='ltr'><strong>tot</strong></span> 
     </span>
     <span class='ocr_line' id='line_1_30' title="bbox 162 2647 925 2704; baseline -0.001 -10"><span class='ocrx_word' id='word_1_186' title='bbox 162 2649 234 2694; x_wconf 78' lang='lat' dir='ltr'><strong>owdo</strong></span> <span class='ocrx_word' id='word_1_187' title='bbox 243 2647 274 2692; x_wconf 92' lang='lat' dir='ltr'><strong>V.</strong></span> <span class='ocrx_word' id='word_1_188' title='bbox 306 2649 320 2692; x_wconf 78' lang='grc' dir='ltr'><strong><em>Ἰ</em></strong></span> <span class='ocrx_word' id='word_1_189' title='bbox 329 2649 379 2704; x_wconf 79' lang='lat' dir='ltr'><strong>ipse</strong></span> <span class='ocrx_word' id='word_1_190' title='bbox 389 2650 410 2693; x_wconf 77' lang='lat' dir='ltr'><strong>rt</strong></span> <span class='ocrx_word' id='word_1_191' title='bbox 419 2648 450 2704; x_wconf 87' lang='lat' dir='ltr'><strong>V,</strong></span> <span class='ocrx_word' id='word_1_192' title='bbox 459 2662 517 2694; x_wconf 87' lang='lat' dir='ltr'><strong>oorr.</strong></span> <span class='ocrx_word' id='word_1_193' title='bbox 529 2647 663 2704; x_wconf 84' lang='lat' dir='ltr'><strong>Froehlioh‚</strong></span> <span class='ocrx_word' id='word_1_194' title='bbox 674 2649 725 2704; x_wconf 78' lang='lat' dir='ltr'><strong>ipre</strong></span> <span class='ocrx_word' id='word_1_195' title='bbox 734 2661 757 2693; x_wconf 83' lang='lat' dir='ltr'><strong>er</strong></span> <span class='ocrx_word' id='word_1_196' title='bbox 766 2647 838 2694; x_wconf 74' lang='lat' dir='ltr'><strong>lech.</strong></span> <span class='ocrx_word' id='word_1_197' title='bbox 850 2649 925 2693; x_wconf 75' lang='lat' dir='ltr'><strong>maort-</strong></span> 
     </span>
     <span class='ocr_line' id='line_1_31' title="bbox 163 2705 926 2763; baseline 0.001 -12"><span class='ocrx_word' id='word_1_198' title='bbox 163 2720 225 2763; x_wconf 78' lang='lat' dir='ltr'><strong>ooos,</strong></span> <span class='ocrx_word' id='word_1_199' title='bbox 233 2706 295 2751; x_wconf 73' lang='lat' dir='ltr'><strong>alter</strong></span> <span class='ocrx_word' id='word_1_200' title='bbox 302 2720 353 2751; x_wconf 76' lang='lat' dir='ltr'><strong>uon</strong></span> <span class='ocrx_word' id='word_1_201' title='bbox 361 2707 429 2752; x_wconf 81' lang='lat' dir='ltr'><strong>homo</strong></span> <span class='ocrx_word' id='word_1_202' title='bbox 438 2720 497 2761; x_wconf 81' lang='lat' dir='ltr'><strong>nos3</strong></span> <span class='ocrx_word' id='word_1_203' title='bbox 513 2707 574 2752; x_wconf 77' lang='lat' dir='ltr'><strong>alter</strong></span> <span class='ocrx_word' id='word_1_204' title='bbox 586 2707 660 2752; x_wconf 84' lang='lat' dir='ltr'><strong>etiem</strong></span> <span class='ocrx_word' id='word_1_205' title='bbox 678 2705 792 2752; x_wconf 83' lang='lat' dir='ltr'><strong>Sohwebe</strong></span> <span class='ocrx_word' id='word_1_206' title='bbox 806 2705 867 2751; x_wconf 88' lang='lat' dir='ltr'><strong>ooni.</strong></span> <span class='ocrx_word' id='word_1_207' title='bbox 884 2705 926 2752; x_wconf 86' lang='lat' dir='ltr'><strong>sed</strong></span> 
     </span>
     <span class='ocr_line' id='line_1_32' title="bbox 162 2764 924 2880; baseline -0.001 -12"><span class='ocrx_word' id='word_1_208' title='bbox 162 2764 924 2880; x_wconf 48' lang='lat' dir='ltr'><strong>fflrffingsffiqeffimmfflw3,</strong></span> 
     </span>
    </p>

    <p class='ocr_par' dir='ltr' id='par_1_14' title="bbox 163 2856 923 2936">
     <span class='ocr_line' id='line_1_33' title="bbox 237 2856 923 2879; baseline -0.001 0"><span class='ocrx_word' id='word_1_209' title='bbox 237 2856 243 2879; x_wconf 75' lang='lat' dir='ltr'><strong>r</strong></span> <span class='ocrx_word' id='word_1_210' title='bbox 635 2857 642 2869; x_wconf 90' lang='lat'><strong>·</strong></span> <span class='ocrx_word' id='word_1_211' title='bbox 916 2856 923 2878; x_wconf 77' lang='lat' dir='ltr'><strong>r</strong></span> 
     </span>
     <span class='ocr_line' id='line_1_34' title="bbox 163 2881 291 2936; baseline 0 -10"><span class='ocrx_word' id='word_1_212' title='bbox 163 2881 231 2936; x_wconf 82' lang='lat' dir='ltr'><strong>Ellis,</strong></span> <span class='ocrx_word' id='word_1_213' title='bbox 243 2881 291 2928; x_wconf 79' lang='lat' dir='ltr'><strong>elii.</strong></span> 
     </span>
    </p>
   </div>
   <div class='ocr_carea' id='block_1_10' title="bbox 0 0 1218 3448">
    <p class='ocr_par' dir='ltr' id='par_1_15' title="bbox 0 0 1218 3448">
     <span class='ocr_line' id='line_1_35' title="bbox 0 0 1218 3448; baseline 0 0"><span class='ocrx_word' id='word_1_214' title='bbox 0 0 1218 3448; x_wconf 95' lang='lat' dir='ltr'><strong> </strong></span> 
     </span>
    </p>
   </div>
  </div>
 </body>
</html>
